%!TEX encoding = UTF-8 Unicode

@string{mydate={2021-11-01}}

@article{hac2014,
    author    = {Jennings, Nicholas R. and Moreau, L. and Nicholson, D. and Ramchurn, S. and Roberts, S. and Rodden, T. and Rogers, A.},
    title     = {Human-agent Collectives},
    journal   = {Communications of the ACM},
    volume    = {57},
    number    = {12},
    year      = {2014},
    pages     = {80--88},
    publisher = {ACM}
}

@inproceedings{wu2014,
    title     = {Regret-Based Multi-Agent Coordination with Uncertain Task Rewards},
    author    = {Wu, Feng and Jennings, Nicholas R.},
    booktitle = {AAAi},
    volume    = {2},
    pages     = {1492--1499},
    year      = {2014}
}

@article{boutilier2006,
    title     = {Constraint-based optimization and utility elicitation using the minimax decision criterion},
    author    = {Boutilier, Craig and Patrascu, Relu and Poupart, Pascal and Schuurmans, Dale},
    journal   = {AIJ},
    volume    = {170},
    number    = {8-9},
    pages     = {686--713},
    year      = {2006},
    publisher = {Citeseer}
}

@article{benders1962,
    title     = {Partitioning procedures for solving mixed-variables programming problems},
    author    = {Benders, Jacques F.},
    journal   = {Numerische Mathematik},
    volume    = {4},
    number    = {1},
    pages     = {238--252},
    year      = {1962},
    publisher = {Springer}
}

@article{gavish1991,
    title     = {Algorithms for the multi-resource generalized assignment problem},
    author    = {Gavish, Bezalel and Pirkul, Hasan},
    journal   = {Management Science},
    volume    = {37},
    number    = {6},
    pages     = {695--713},
    year      = {1991},
    publisher = {INFORMS}
}

@incollection{graham1979,
    title     = {Optimization and approximation in deterministic sequencing and scheduling: a survey},
    author    = {Graham, Ronald L. and Lawler, Eugene L. and Lenstra, Jan Karel and Kan, A.H.G. Rinnooy},
    booktitle = {Annals of Discrete Mathematics},
    volume    = {5},
    pages     = {287--326},
    year      = {1979},
    publisher = {Elsevier}
}

@article{colorni1994,
    title   = {Ant system for Job-shop Scheduling},
    author  = {Colorni, Alberto and Dorigo, Marco and Maniezzo, Vittorio and Trubian, Marco},
    journal = {Belgian Journal of Operations Research, Statistics and Computer Science},
    volume  = {34},
    number  = {1},
    pages   = {39--53},
    year    = {1994}
}

@inproceedings{farinelli2008,
    title     = {Decentralised Coordination of Low-Power Embedded Devices Using the Max-Sum Algorithm},
    author    = {Farinelli, Alessandro and Rogers, Alex and Petcu, Adrian and Jennings, Nicholas R.},
    booktitle = {AAMAS},
    pages     = {639--646},
    volume    = {2},
    year      = {2008}
}

@article{farinelli2014,
    author  = {Farinelli, A. and Rogers, A. and Jennings, Nicholas R.},
    title   = {Agent-based decentralised coordination for sensor networks using the max-sum algorithm},
    journal = {JAAMAS},
    year    = {2014},
    volume  = {28},
    number  = {3},
    pages   = {337--380}
}

@inproceedings{koutsoupias1999,
    author    = {Koutsoupias, Elias and Papadimitriou, Christos H.},
    title     = {Worst-Case Equilibria},
    booktitle = {Annual Symposium on Theoretical Aspects of Computer Science},
    year      = {1999},
    pages     = {404--413},
    publisher = {Springer-Verlag}
}

@inproceedings{papadimitriou2001,
    author    = {Papadimitriou, Christos H.},
    title     = {Algorithms, Games, and the Internet},
    booktitle = {Annual Symposium on Theory of Computing},
    year      = {2001},
    pages     = {749--753},
    publisher = {ACM}
}

@article{fischer2017,
    title     = {In-the-loop or on-the-loop? Interactional arrangements to support team coordination with a planning agent},
    author    = {Fischer, Joel E. and Greenhalgh, Chris and Jiang, Wenchao and Ramchurn, Sarvapali D. and Wu, Feng and Rodden, Tom},
    journal   = {Concurrency and Computation: Practice and Experience},
    volume    = {33},
    number    = {8},
    pages     = {e4082},
    year      = {2017},
    publisher = {Wiley Online Library}
}

@inproceedings{nair2003,
    title     = {Taming Decentralized POMDPs: Towards Efficient Policy Computation for Multiagent Settings},
    author    = {Nair, Ranjit and Tambe, Milind and Yokoo, Makoto and Pynadath, David and Marsella, Stacy},
    booktitle = {IJCAI},
    volume    = {3},
    pages     = {705--711},
    year      = {2003}
}

@article{bernstein2002,
    title     = {The Complexity of Decentralized Control of Markov Decision Processes},
    author    = {Bernstein, Daniel S. and Givan, Robert and Immerman, Neil and Zilberstein, Shlomo},
    journal   = {Mathematics of Operations Research},
    volume    = {27},
    number    = {4},
    pages     = {819--840},
    year      = {2002},
    publisher = {INFORMS}
}

@article{srivastava2011,
    title     = {A new representation and associated algorithms for generalized planning},
    author    = {Srivastava, Siddharth and Immerman, Neil and Zilberstein, Shlomo},
    journal   = {AIJ},
    volume    = {175},
    number    = {2},
    pages     = {615--647},
    year      = {2011},
    publisher = {Elsevier}
}

@inproceedings{kumar2011,
    title     = {Scalable Multiagent Planning Using Probabilistic Inference},
    author    = {Kumar, Akshat and Zilberstein, Shlomo and Toussaint, Marc},
    booktitle = {AAAI},
    year      = {2011}
}

@book{dechter2003,
    title     = {Constraint Processing},
    author    = {Dechter, Rina},
    year      = {2003},
    publisher = {Morgan Kaufmann}
}

@article{cao2013,
    title     = {An Overview of Recent Progress in the Study of Distributed Multi-agent Coordination},
    author    = {Cao, Yongcan and Yu, Wenwu and Ren, Wei and Chen, Guanrong},
    journal   = {IEEE Transactions on Industrial informatics},
    volume    = {9},
    number    = {1},
    pages     = {427--438},
    year      = {2013},
    publisher = {IEEE}
}

@article{jin2006optimal,
    title     = {Optimal Scheduling for Refueling Multiple Autonomous Aerial Vehicles},
    author    = {Jin, Zhipu and Shima, Tal and Schumacher, Corey J.},
    journal   = {IEEE Transactions on Robotics},
    volume    = {22},
    number    = {4},
    pages     = {682--693},
    year      = {2006},
    publisher = {IEEE}
}

@article{choi2009,
    title     = {Consensus-Based Decentralized Auctions for Robust Task Allocation},
    author    = {Choi, Han-Lim and Brunet, Luc and How, Jonathan P.},
    journal   = {IEEE Transactions on Robotics},
    volume    = {25},
    number    = {4},
    pages     = {912--926},
    year      = {2009},
    publisher = {IEEE}
}

@article{fioretto2018survey,
    title   = {Distributed Constraint Optimization Problems and Applications: A Survey},
    author  = {Fioretto, Ferdinando and Pontelli, Enrico and Yeoh, William},
    journal = {JAIR},
    volume  = {61},
    pages   = {623--698},
    year    = {2018}
}

@book{rossi2006handbook,
    title     = {Handbook of Constraint Programming},
    editor    = {Rossi, Francesca and Van Beek, Peter and Walsh, Toby},
    year      = {2006},
    publisher = {Elsevier}
}

@book{keeney1993,
    title     = {Decisions with Multiple Objectives: Preferences and Value Trade-Offs},
    author    = {Keeney, Ralph L. and Raiffa, Howard},
    year      = {1993},
    publisher = {Cambridge University Press}
}

@inproceedings{amato2013,
    title     = {Decentralized Control of Partially Observable Markov Decision Processes},
    author    = {Amato, Christopher and Chowdhary, Girish and Geramifard, Alborz and {\"U}re, N. Kemal and Kochenderfer, Mykel J.},
    booktitle = {IEEE Conference on Decision and Control},
    pages     = {2398--2405},
    year      = {2013}
}

@article{cerquides2013,
    title     = {A Tutorial on Optimization for Multi-Agent Systems},
    author    = {Cerquides, Jesus and Farinelli, Alessandro and Meseguer, Pedro and Ramchurn, Sarvapali D.},
    journal   = {The Computer Journal},
    volume    = {57},
    number    = {6},
    pages     = {799--824},
    year      = {2013},
    publisher = {Oxford University Press}
}

@incollection{diederich2001,
    title     = {Sequential Decision Making},
    editor    = {Neil J. Smelser and Paul B. Baltes},
    booktitle = {International Encyclopedia of the Social \& Behavioral Sciences},
    publisher = {Pergamon},
    address   = {Oxford},
    pages     = {13917--13922},
    year      = {2001},
    author    = {Diederich, Adele}
}

@article{kaelbling1998,
    title     = {Planning and acting in partially observable stochastic domains},
    author    = {Kaelbling, Leslie Pack and Littman, Michael L and Cassandra, Anthony R},
    journal   = {AIJ},
    volume    = {101},
    number    = {1-2},
    pages     = {99--134},
    year      = {1998},
    publisher = {Elsevier}
}

@article{seuken2008,
    title     = {Formal models and algorithms for decentralized decision making under uncertainty},
    author    = {Seuken, Sven and Zilberstein, Shlomo},
    journal   = {JAAMAS},
    volume    = {17},
    number    = {2},
    pages     = {190--250},
    year      = {2008},
    publisher = {Springer}
}

@inproceedings{nair2005nd,
    title     = {Networked distributed POMDPs: A Synthesis of Distributed Constraint Optimization and POMDPs},
    author    = {Nair, Ranjit and Varakantham, Pradeep and Tambe, Milind and Yokoo, Makoto},
    booktitle = {AAAI},
    volume    = {5},
    pages     = {133--139},
    year      = {2005}
}

@article{pynadath2002,
    title   = {The Communicative Multiagent Team Decision Problem: Analyzing Teamwork Theories and Models},
    author  = {Pynadath, David V. and Tambe, Milind},
    journal = {JAIR},
    volume  = {16},
    pages   = {389--423},
    year    = {2002}
}

@inproceedings{nair2004,
    title     = {Communication for Improving Policy Computation in Distributed POMDPs},
    author    = {Nair, Ranjit and Roth, Maayan and Yohoo, Makoto},
    booktitle = {AAMAS},
    volume    = {3},
    pages     = {1098--1105},
    year      = {2004}
}

@incollection{roth2005,
    title     = {Decentralized Communication Strategies for Coordinated Multi-Agent Policies},
    author    = {Roth, Maayan and Simmons, Reid and Veloso, Manuela},
    booktitle = {Multi-Robot Systems. From Swarms to Intelligent Automata},
    volume    = {3},
    pages     = {93--105},
    year      = {2005},
    publisher = {Springer}
}

@book{myerson1997,
    title     = {Game Theory: Analysis of Conflict},
    author    = {Myerson, Roger B.},
    year      = {1991},
    publisher = {Harvard University Press}
}

@book{osborne1994,
    title     = {A Course in Game Theory},
    author    = {Osborne, Martin J. and Rubinstein, Ariel},
    year      = {1994},
    publisher = {MIT Press}
}

@book{von2007theory,
    title     = {Theory of games and economic behavior},
    author    = {Von Neumann, John and Morgenstern, Oskar},
    year      = {2007},
    publisher = {Princeton University Press},
    edition   = {60th anniversary commemorative edition}
}

@inproceedings{zeng1996,
    title        = {How can an agent learn to negotiate?},
    author       = {Zeng, Dajun and Sycara, Katia},
    booktitle    = {International Workshop on Agent Theories, Architectures, and Languages},
    pages        = {233--244},
    year         = {1996},
    organization = {Springer}
}

@article{lewis2014,
    title     = {Computational Rationality: Linking Mechanism and Behavior Through Bounded Utility Maximization},
    author    = {Lewis, Richard L. and Howes, Andrew and Singh, Satinder},
    journal   = {Topics in Cognitive Science},
    volume    = {6},
    number    = {2},
    pages     = {279--311},
    year      = {2014},
    publisher = {Wiley Online Library}
}

@article{gershman2015,
    title     = {Computational rationality: A converging paradigm for intelligence in brains, minds, and machines},
    author    = {Gershman, Samuel J. and Horvitz, Eric J. and Tenenbaum, Joshua B.},
    journal   = {Science},
    volume    = {349},
    number    = {6245},
    pages     = {273--278},
    year      = {2015},
    publisher = {American Association for the Advancement of Science}
}

@book{emarkets,
    title     = {The Future of e-Markets: Multidimensional Market Mechanisms},
    author    = {Bichler, Martin},
    year      = {2001},
    publisher = {Cambridge University Press}
}

@book{pan2014,
    author    = {Fatima, Shaheen and Kraus, Sarit and Wooldridge, Michael},
    title     = {Principles of Automated Negotiation},
    publisher = {Cambridge University Press},
    year      = {2014}
}

@article{pham2015multi,
    title     = {Multi-attribute online reverse auctions: Recent research trends},
    author    = {Pham, Long and Teich, Jeffrey and Wallenius, Hannele and Wallenius, Jyrki},
    journal   = {European Journal of Operational Research},
    volume    = {242},
    number    = {1},
    pages     = {1--9},
    year      = {2015},
    publisher = {Elsevier}
}

@article{kraus1997negotiation,
    title     = {Negotiation and cooperation in multi-agent environments},
    author    = {Kraus, Sarit},
    journal   = {AIJ},
    volume    = {94},
    number    = {1-2},
    pages     = {79--97},
    year      = {1997},
    publisher = {Elsevier}
}

@incollection{noriega1999auctions,
    title     = {Auctions and multi-agent Systems},
    author    = {Noriega, Pablo and Sierra, Carles},
    booktitle = {Intelligent Information Agents},
    pages     = {153--175},
    year      = {1999},
    publisher = {Springer}
}

@article{parsons2002game,
    title     = {Game Theory and Decision Theory in Multi-Agent Systems},
    author    = {Parsons, Simon and Wooldridge, Michael},
    journal   = {JAAMAS},
    volume    = {5},
    number    = {3},
    pages     = {243--254},
    year      = {2002},
    publisher = {Springer}
}

@book{nisan2007,
    title     = {Algorithmic Game Theory},
    editor    = {Nisan, Noam and Roughgarden, Tim and Tardos, Eva and Vazirani, Vijay V.},
    year      = {2007},
    publisher = {Cambridge University Press}
}

@article{jennings2001,
    title     = {Automated Negotiation: Prospects, Methods and Challenges},
    author    = {Jennings, Nicholas R. and Faratin, Peyman and Lomuscio, Alessio and Parsons, Simon and Wooldridge, Michael and Sierra, Carles},
    journal   = {Group Decision and Negotiation},
    volume    = {10},
    number    = {2},
    pages     = {199--215},
    year      = {2001},
    publisher = {Springer}
}

@article{yeoh2012,
    title   = {Distributed Problem Solving},
    author  = {Yeoh, William and Yokoo, Makoto},
    journal = {AI Magazine},
    volume  = {33},
    number  = {3},
    pages   = {53--53},
    year    = {2012}
}

@incollection{farinelli2013dcop,
    title     = {Distributed Constraint Handling and Optimization},
    booktitle = {Multiagent Systems},
    chapter   = {12},
    editor    = {Gerhard Weiss},
    edition   = {Second edition},
    author    = {Farinelli, Alessandro and Vinyals, Meritxell and Rogers, Alex and Jennings, Nicholas R.},
    year      = {2013},
    publisher = {MIT Press}
}

@article{yokoo1998,
    author    = {Yokoo, Makoto and Durfee, Edmund H. and Ishida, Toru and Kuwabara, Kazuhiro},
    title     = {The Distributed Constraint Satisfaction Problem: Formalization and Algorithms},
    journal   = {IEEE Transactions on Knowledge and Data Engineering},
    year      = {1998},
    volume    = {10},
    number    = {5},
    pages     = {673--685},
    publisher = {IEEE}
}

@book{meisels2007,
    title     = {Distributed Search by Constrained Agents},
    publisher = {Springer},
    year      = {2007},
    author    = {Meisels, Amnon}
}

@phdthesis{petcu2007thesis,
    author  = {Petcu, Adrian},
    title   = {A Class of Algorithms for Distributed Constraint Optimization},
    school  = {École polytechnique fédérale de Lausanne},
    year    = {2007},
    journal = {Lausanne: Ecole Polytechnique Federale de Lausanne}
}

@InProceedings{junges2008,
    author    = {Junges, Robert and Bazzan, Ana L. C.},
    title     = {Evaluating the Performance of DCOP Algorithms in a Real World, Dynamic Problem},
    booktitle = {AAMAS},
    volume    = {2},
    year      = {2008},
    pages     = {599--606}
}

@InProceedings{christodoulou2005,
    author       = {Christodoulou, George and Koutsoupias, Elias},
    title        = {The Price of Anarchy of Finite Congestion Games},
    booktitle    = {Aannual ACM symposium on Theory of computing},
    year         = {2005},
    pages        = {67--73},
    organization = {ACM},
}

@Article{shehory1998,
    author    = {Shehory, Onn and Kraus, Sarit},
    title     = {Methods for task allocation via agent coalition formation},
    journal   = {AIJ},
    year      = {1998},
    volume    = {101},
    number    = {1-2},
    pages     = {165--200},
    publisher = {Elsevier},
}

@Article{farinelli2004,
    author    = {Farinelli, Alessandro and Iocchi, Luca and Nardi, Daniele},
    title     = {Multirobot Systems: A Classification Focused on Coordination},
    journal   = {IEEE Transactions on Systems, Man, and Cybernetics},
    year      = {2004},
    volume    = {34},
    number    = {5},
    pages     = {2015--2028},
    publisher = {IEEE},
}

@Article{rahwan2009,
    author  = {Rahwan, Talal and Ramchurn, Sarvapali D. and Jennings, Nicholas R. and Giovannucci, Andrea},
    title   = {An Anytime Algorithm for Optimal Coalition Structure Generation},
    journal = {JAIR},
    year    = {2009},
    volume  = {34},
    pages   = {521--567},
}

@inproceedings{rahwan2012,
    title     = {A Hybrid Algorithm for Coalition Structure Generation},
    author    = {Rahwan, Talal and Michalak, Tomasz and Jennings, Nicholas R.},
    booktitle = {AAAI},
    volume    = {26},
    number    = {1},
    year      = {2012}
}

@Article{vig2006,
    author    = {Vig, Lovekesh and Adams, Julie A.},
    title     = {Multi-Robot Coalition Formation},
    journal   = {IEEE Transactions on Robotics},
    year      = {2006},
    volume    = {22},
    number    = {4},
    pages     = {637--649},
    publisher = {IEEE},
}

@article{bestofn2017survey,
    author  = {Valentini, Gabriele and Ferrante, Eliseo and Dorigo, Marco},
    title   = {The Best-of-n Problem in Robot Swarms: Formalization, State of the Art, and Novel Perspectives},
    journal = {Frontiers in Robotics and AI},
    volume  = {4},
    number  = {9},
    year    = {2017},
}

@inproceedings{valentini2014,
    title     = {Self-Organized Collective Decision Making: The Weighted Voter Model},
    author    = {Valentini, Gabriele and Hamann, Heiko and Dorigo, Marco},
    booktitle = {AAMAS},
    pages     = {45--52},
    year      = {2014}
}

@article{de2011,
    title     = {Majority-rule opinion dynamics with differential latency: a mechanism for self-organized collective decision-making},
    author    = {Montes de Oca, Marco A. and Ferrante, Eliseo and Scheidler, Alexander and Pinciroli, Carlo and Birattari, Mauro and Dorigo, Marco},
    journal   = {Swarm Intelligence},
    volume    = {5},
    number    = {3-4},
    pages     = {305--327},
    year      = {2011},
    publisher = {Springer}
}

@article{berman2009,
    title     = {Optimized Stochastic Policies for Task Allocation in Swarms of Robots},
    author    = {Berman, Spring and Hal{\'a}sz, {\'A}d{\'a}m and Hsieh, M. Ani and Kumar, Vijay},
    journal   = {IEEE Transactions on Robotics},
    volume    = {25},
    number    = {4},
    pages     = {927--937},
    year      = {2009},
    publisher = {IEEE}
}

@article{alliance1998,
    title     = {ALLIANCE: An Architecture for Fault Tolerant Multirobot Cooperation},
    author    = {Parker, Lynne E.},
    journal   = {IEEE Transactions on Robotics and Automation},
    volume    = {14},
    number    = {2},
    pages     = {220--240},
    year      = {1998},
    publisher = {IEEE}
}

@article{gerkey2004,
    title     = {A Formal Analysis and Taxonomy of Task Allocation in Multi-Robot Systems},
    author    = {Gerkey, Brian P. and Matari{\'c}, Maja J.},
    journal   = {International Journal of Robotics Research},
    volume    = {23},
    number    = {9},
    pages     = {939--954},
    year      = {2004},
    publisher = {SAGE Publications}
}

@Book{luce1989,
    title     = {Games and decisions: Introduction and critical survey},
    publisher = {Courier Corporation},
    year      = {1989},
    author    = {Luce, R. Duncan and Raiffa, Howard},
}

@Article{sandholm1999,
    author    = {Sandholm, Tuomas W. and Larson, Kate and Andersson, Martin and shehory, Onn and Tohm{\'e}, Fernando},
    title     = {Coalition Structure Generation with Worst Case Guarantees},
    journal   = {AIJ},
    year      = {1999},
    volume    = {111},
    number    = {1-2},
    pages     = {209--238},
    publisher = {Elsevier}
}

@InProceedings{su2007,
    author    = {Su, She-Xiong and Hu, Shan-Li and Shi, Chun-Yi},
    title     = {Coalition Structure Generation with Worst Case Guarantees Based on Cardinality Structure},
    booktitle = {International Conference on Machine Learning and Cybernetics},
    volume    = {5},
    year      = {2007},
    pages     = {2505--2510}
}

@Article{rahwan2015survey,
    author    = {Rahwan, Talal and Michalak, Tomasz P. and Wooldridge, Michael and Jennings, Nicholas R.},
    title     = {Coalition structure generation: A survey},
    journal   = {AIJ},
    year      = {2015},
    volume    = {229},
    pages     = {139--174},
    publisher = {Elsevier}
}

@InProceedings{kraus2004,
    author    = {Kraus, Sarit and shehory, Onn and Taase, Gilad},
    title     = {The Advantages of Compromising in Coalition Formation with Incomplete Information},
    booktitle = {AAMAS},
    volume    = {2},
    year      = {2004},
    pages     = {588--595}
}

@article{ye2016,
    title     = {A Survey of Self-Organization Mechanisms in Multiagent Systems},
    author    = {Ye, Dayong and Zhang, Minjie and Vasilakos, Athanasios V.},
    journal   = {IEEE Transactions on Systems, Man, and Cybernetics},
    volume    = {47},
    number    = {3},
    pages     = {441--461},
    year      = {2016},
    publisher = {IEEE}
}

@inproceedings{kraus2003,
    title     = {Coalition Formation with Uncertain Heterogeneous Information},
    author    = {Kraus, Sarit and shehory, Onn and Taase, Gilad},
    booktitle = {AAMAS},
    pages     = {1--8},
    year      = {2003}
}

@inproceedings{ramchurn2010cfstp,
    title     = {Coalition Formation with Spatial and Temporal Constraints},
    author    = {Ramchurn, Sarvapali D. and Polukarov, Maria and Farinelli, Alessandro and Truong, Cuong and Jennings, Nicholas R.},
    booktitle = {AAMAS},
    pages     = {1181--1188},
    year      = {2010}
}

@inproceedings{geng2017,
    title        = {Petri Net Model and Its Optimization for the Problem of Robot Rescue Path Planning},
    author       = {Geng, Na and Gong, Dun-wei and Zhang, Yong},
    booktitle    = {International Conference on Intelligent Computing},
    pages        = {551--563},
    year         = {2017},
    organization = {Springer}
}

@article{tsiligirides1984,
    title     = {Heuristic methods applied to orienteering},
    author    = {Tsiligirides, Theodore},
    journal   = {Journal of the Operational Research Society},
    volume    = {35},
    number    = {9},
    pages     = {797--809},
    year      = {1984},
    publisher = {Springer}
}

@article{ye2013self,
    title   = {Self-Aaptation-Based Dynamic Coalition Formation in a Distributed Agent Network: A Mechanism and a Brief Survey},
    author  = {Ye, Dayong and Zhang, Minjie and Sutanto, Danny},
    journal = {IEEE Transactions on Parallel and Distributed Systems},
    volume  = {24},
    number  = {5},
    pages   = {1042--1051},
    year    = {2013}
}

@inproceedings{bistaffa2015,
    title     = {Sharing Rides with Friends: A Coalition Formation Algorithm for Ridesharing},
    author    = {Bistaffa, Filippo and Farinelli, Alessandro and Ramchurn, Sarvapali D.},
    booktitle = {AAAI},
    year      = {2015}
}

@Article{bistaffa2017a,
    author    = {Bistaffa, Filippo and Farinelli, Alessandro and Chalkiadakis, Georgios and Ramchurn, Sarvapali D.},
    title     = {A cooperative game-theoretic approach to the social ridesharing problem},
    journal   = {AIJ},
    year      = {2017},
    volume    = {246},
    pages     = {86--117},
    publisher = {Elsevier}
}

@Article{bistaffa2017b,
    author    = {Bistaffa, Filippo and Farinelli, Alessandro and Cerquides, Jes{\'u}s and Rodr{\'\i}guez-Aguilar, Juan and Ramchurn, Sarvapali D.},
    title     = {Algorithms for Graph-Constrained Coalition Formation in the Real World},
    journal   = {ACM Transactions on Intelligent Systems and Technology},
    year      = {2017},
    volume    = {8},
    number    = {4},
    pages     = {60},
    publisher = {ACM}
}

@article{myerson1977,
    title     = {Graphs and Cooperation in Games},
    author    = {Myerson, Roger B.},
    journal   = {Mathematics of operations research},
    volume    = {2},
    number    = {3},
    pages     = {225--229},
    year      = {1977},
    publisher = {INFORMS}
}

@inproceedings{flammini2018,
    title     = {Online Coalition Structure Generation in Graph Games},
    author    = {Flammini, Michele and Monaco, Gianpiero and Moscardelli, Luca and Shalom, Mordechai and Zaks, Shmuel},
    booktitle = {AAMAS},
    pages     = {1353--1361},
    year      = {2018}
}

@article{chalkiadakis2010,
    title   = {Cooperative Games with Overlapping Coalitions},
    author  = {Chalkiadakis, Georgios and Elkind, Edith and Markakis, Evangelos and Polukarov, Maria and Jennings, Nicholas R.},
    journal = {JAIR},
    volume  = {39},
    pages   = {179--216},
    year    = {2010}
}

@article{sandholm1997,
    title     = {Coalitions among computationally bounded agents},
    author    = {Sandholm, Tuomas W. and Lesser, Victor R. T.},
    journal   = {AIJ},
    volume    = {94},
    number    = {1-2},
    pages     = {99--137},
    year      = {1997},
    publisher = {Elsevier}
}

@inproceedings{zick2012,
    title     = {Overlapping Coalition Formation Games: Charting the Tractability Frontier},
    author    = {Zick, Yair and Chalkiadakis, Georgios and Elkind, Edith},
    booktitle = {AAMAS},
    volume    = {2},
    pages     = {787--794},
    year      = {2012}
}

@inproceedings{rahwan2013coalitional,
    title     = {Coalitional Games via Network Flows},
    author    = {Rahwan, Talal and Nguyen, Tri-Dung and Michalak, Tomasz and Polukarov, Maria and Croitoru, Madalina and Jennings, Nicholas R.},
    booktitle = {AAAI},
    pages     = {324--331},
    year      = {2013}
}

@article{michalak2014,
    title     = {Implementation and Computation of a Value for Generalized Characteristic Function Games},
    author    = {Michalak, Tomasz P. and Szczepa{\'n}ski, Piotr L. and Rahwan, Talal
                 and Chrobak, Agata and Br{\^a}nzei, Simina and Wooldridge, Michael and
                 Jennings, Nicholas R.},
    journal   = {ACM Transactions on Economics and Computation},
    volume    = {2},
    number    = {4},
    pages     = {16},
    year      = {2014},
    publisher = {ACM}
}

@InProceedings{chalkiadakis2004,
    author    = {Chalkiadakis, Georgios and Boutilier, Craig},
    title     = {Bayesian Reinforcement Learning for Coalition Formation under Uncertainty},
    booktitle = {AAMAS},
    year      = {2004},
    volume    = {3},
    pages     = {1090--1097}
}

@article{brl2015survey,
    title     = {Bayesian Reinforcement Learning: A Survey},
    author    = {Ghavamzadeh, Mohammad and Mannor, Shie and Pineau, Joelle and Tamar, Aviv and others},
    journal   = {Foundations and Trends in Machine Learning},
    volume    = {8},
    number    = {5-6},
    pages     = {359--492},
    year      = {2015},
    publisher = {Now Publishers, Inc.}
}

@Article{chalkiadakis2012,
    author    = {Chalkiadakis, Georgios and Boutilier, Craig},
    title     = {Sequentially optimal repeated coalition formation under uncertainty},
    journal   = {JAAMAS},
    year      = {2012},
    volume    = {24},
    number    = {3},
    pages     = {441--484},
    publisher = {Springer}
}

@Article{horling2005,
    author  = {Horling, Bryan and Lesser, Victor},
    title   = {A Survey of Multi-Agent Organizational Paradigms},
    journal = {The Knowledge Engineering Review},
    year    = {2005},
    volume  = {19},
    number  = {4},
    pages   = {281--316},
}

@Book{andrews2004,
    title     = {Integer Partitions},
    publisher = {Cambridge University Press},
    year      = {2004},
    author    = {Andrews, George E. and Eriksson, Kimmo},
}

@inproceedings{leaute2009,
    author    = {L{\'e}aut{\'e}, Thomas and Faltings, Boi},
    booktitle = {IJCAI Distributed Constraint Reasoning Workshop},
    editor    = {Hirayama, Katsutoshi and Yeoh, William and Zivan, Roie},
    pages     = {87--101},
    title     = {{E[DPOP]}: Distributed Constraint Optimization under Stochastic Uncertainty using Collaborative Sampling},
    urldate   = mydate,
    year      = {2009}
}

@article{chao1996top,
    title     = {The team orienteering problem},
    author    = {Chao, I-Ming and Golden, Bruce L. and Wasil, Edward A.},
    journal   = {European Journal of Operational Research},
    volume    = {88},
    number    = {3},
    pages     = {464--474},
    year      = {1996},
    publisher = {Elsevier}
}

@book{martello1990,
    author    = {Martello, Silvano and Toth, Paolo},
    title     = {Knapsack Problems: Algorithms and Computer Implementations},
    year      = {1990},
    publisher = {John Wiley \& Sons, Inc.}
}

@Article{zambonelli2016,
    author    = {Zambonelli, Franco and Omicini, Andrea and Scerri, Paul},
    title     = {Coordination in Large-Scale Socio-Technical Systems: Introduction to the Special Sec.},
    journal   = {IEEE Transactions on Emerging Topics in Computing},
    year      = {2016},
    volume    = {4},
    number    = {1},
    pages     = {5--8},
    publisher = {IEEE},
}

@Article{zambonelli2012,
    author    = {Zambonelli, Franco},
    title     = {Toward Sociotechnical Urban Superorganisms},
    journal   = {Computer},
    year      = {2012},
    volume    = {45},
    number    = {8},
    pages     = {76--78},
    publisher = {IEEE},
}

@incollection{ricci2015,
    author    = {Ricci, Alessandro and Rodriguez-Aguilar, Juan A. and Pijoan, Ander and Zambonelli, Franco},
    title     = {Mixed Environments for MAS: Bringing Humans in the Loop},
    booktitle = {Agent Environments for Multi-Agent Systems IV},
    publisher = {Springer},
    year      = {2015},
    pages     = {52--60},
}

@inproceedings{picard2015,
    author    = {Picard, Willy},
    editor    = {Camarinha-Matos, Luis M. and B{\'e}naben, Fr{\'e}d{\'e}rick and Picard, Willy},
    title     = {Resilient and Robust Human-Agent Collectives: A Network Perspective},
    booktitle = {Risks and Resilience of Collaborative Networks},
    year      = {2015},
    publisher = {Springer International Publishing},
    pages     = {79--87}
}

@article{haimes2009,
    title     = {On the definition of resilience in systems},
    author    = {Haimes, Yacov Y.},
    journal   = {Risk Analysis: An International Journal},
    volume    = {29},
    number    = {4},
    pages     = {498--501},
    year      = {2009},
    publisher = {Wiley Online Library}
}

@article{buldyrev2010,
    title     = {Catastrophic cascade of failures in interdependent networks},
    author    = {Buldyrev, Sergey V. and Parshani, Roni and Paul, Gerald and Stanley, H. Eugene and Havlin, Shlomo},
    journal   = {Nature},
    volume    = {464},
    number    = {7291},
    pages     = {1025},
    year      = {2010},
    publisher = {Nature Publishing Group}
}

@article{ushahidi,
    title     = {Ushahidi, or `testimony': Web 2.0 tools for crowdsourcing crisis information},
    author    = {Okolloh, Ory},
    journal   = {Participatory Learning and Action},
    volume    = {59},
    number    = {1},
    pages     = {65--70},
    year      = {2009},
    publisher = {IIED}
}

@article{ramchurn2015a,
    title     = {Human-Agent Collaboration for Disaster Response},
    author    = {Ramchurn, Sarvapali D. and Wu, Feng and Jiang, Wenchao and
                 Fischer, Joel E. and Reece, Steve and Roberts, Stephen and
                 Rodden, Tom and Greenhalgh, Chris and Jennings, Nicholas R.},
    journal   = {JAAMAS},
    volume    = {30},
    number    = {1},
    pages     = {82--111},
    year      = {2016},
    publisher = {Springer}
}

@article{torreno2017,
    author    = {Torre\~{n}o, Alejandro and Onaindia, Eva and Komenda, Anton\'{\i}n and \&\#x00160;tolba, Michal},
    title     = {Cooperative Multi-Agent Planning: A Survey},
    journal   = {ACM CSUR},
    volume    = {50},
    articleno = {84},
    number    = {6},
    year      = {2017},
    pages     = {1--32},
    publisher = {ACM}
}

@inbook{ponda2015,
    title     = {Cooperative Mission Planning for Multi-UAV Teams. Handbook of Unmanned Aerial Vehicles},
    author    = {Ponda, Sameera S. and Johnson, Luke B. and Geramifard, Alborz and How, Jonathan P.},
    pages     = {1447--1490},
    year      = {2015},
    publisher = {Springer}
}

@book{ghallab2004,
    title     = {Automated Planning: Theory and Practice},
    author    = {Ghallab, Malik and Nau, Dana and Traverso, Paolo},
    year      = {2004},
    publisher = {Elsevier}
}

@inproceedings{brafman2008,
    title     = {From One to Many: Planning for Loosely Coupled Multi-Agent Systems},
    author    = {Brafman, Ronen I. and Domshlak, Carmel},
    booktitle = {ICAPS},
    pages     = {28--35},
    year      = {2008}
}

@book{papadimitriou1993,
    title     = {Computational Complexity},
    author    = {Papadimitriou, Christos H.},
    year      = {1993},
    publisher = {Pearson}
}

@book{kolobov2012,
    title     = {Planning with Markov Decision Processes: An AI Perspective},
    author    = {Kolobov, Mausam and Kolobov, Andrey},
    series    = {Synthesis Lectures on Artificial Intelligence and Machine Learning},
    year      = {2012},
    publisher = {Morgan \& Claypool Publishers}
}

@article{smith1981,
    title     = {Frameworks for Cooperation in Distributed Problem Solving},
    author    = {Smith, Reid G. and Davis, Randall},
    journal   = {IEEE Transactions on Systems, Man, and Cybernetics},
    volume    = {11},
    number    = {1},
    pages     = {61--70},
    year      = {1981},
    publisher = {IEEE}
}

@article{stone2005,
    title     = {Reinforcement Learning for RoboCup Soccer Keepaway},
    author    = {Stone, Peter and Sutton, Richard S. and Kuhlmann, Gregory},
    journal   = {Adaptive Behavior},
    volume    = {13},
    number    = {3},
    pages     = {165--188},
    year      = {2005},
    publisher = {Sage Publications}
}

@inproceedings{guestrin2002,
    title     = {Multiagent Planning with Factored MDPs},
    author    = {Guestrin, Carlos and Koller, Daphne and Parr, Ronald},
    booktitle = {Advances in Neural Information Processing Systems},
    pages     = {1523--1530},
    year      = {2002}
}

@book{bellman2003,
    title     = {Dynamic Programming},
    author    = {Bellman, Richard},
    year      = {2003},
    publisher = {Dover Publications Mineola}
}


@inproceedings{sutton1996,
    title     = {Generalization in Reinforcement Learning: Successful Examples Using Sparse Coarse Coding},
    author    = {Sutton, Richard S.},
    booktitle = {Advances in Neural Information Processing Systems},
    pages     = {1038--1044},
    year      = {1996}
}

@book{bertsekas2012,
    title     = {Dynamic Programming and Optimal Control},
    author    = {Bertsekas, Dimitri P.},
    edition   = {Fourth edition},
    year      = {2012},
    publisher = {Athena Scientific}
}

@article{mahadevan2007,
    title   = {Proto-value Functions: A Laplacian Framework for Learning Representation and Control in Markov Decision Processes},
    author  = {Mahadevan, Sridhar and Maggioni, Mauro},
    journal = {Journal of Machine Learning Research},
    volume  = {8},
    pages   = {2169--2231},
    year    = {2007}
}

@book{busoniu2017,
    title     = {Reinforcement Learning and Dynamic Programming Using Function Approximators},
    author    = {Busoniu, Lucian and Babuska, Robert and De Schutter, Bart and Ernst, Damien},
    year      = {2017},
    publisher = {CRC press}
}

@inproceedings{geramifard2011,
    title     = {Online Discovery of Feature Dependencies},
    author    = {Geramifard, Alborz and Doshi, Finale and Redding, Josh and Roy,
                 Nicholas and How, Jonathan P.},
    booktitle = {ICML},
    pages     = {881--888},
    year      = {2011}
}

@book{sutton1998,
    title     = {Reinforcement Learning: An Introduction},
    author    = {Sutton, Richard S. and Barto, Andrew G.},
    edition   = {Second edition},
    year      = {2018},
    publisher = {The MIT Press}
}

@inproceedings{redding2012,
    title        = {Scalable, MDP-based planning for multiple, cooperating agents},
    author       = {Redding, Joshua D. and Ure, N Kemal and How, Jonathan P. and Vavrina, Matthew A. and Vian, John},
    booktitle    = {American Control Conference},
    pages        = {6011--6016},
    year         = {2012},
    organization = {IEEE}
}

@article{goldman2004,
    title   = {Decentralized Control of Cooperative Systems: Categorization and Complexity Analysis},
    author  = {Goldman, Claudia V. and Zilberstein, Shlomo},
    journal = {JAIR},
    volume  = {22},
    pages   = {143--174},
    year    = {2004}
}

@inproceedings{goldman2003,
    title     = {Optimizing Information Exchange in Cooperative Multi-agent Systems},
    author    = {Goldman, Claudia V. and Zilberstein, Shlomo},
    booktitle = {AAMAS},
    pages     = {137--144},
    year      = {2003}
}

@article{becker2004,
    title   = {Solving Transition Independent Decentralized Markov Decision Processes},
    author  = {Becker, Raphen and Zilberstein, Shlomo and Lesser, Victor and
               Goldman, Claudia V.},
    journal = {JAIR},
    volume  = {22},
    pages   = {423--455},
    year    = {2004}
}

@article{melo2011,
    title     = {Decentralized MDPs with sparse interactions},
    author    = {Melo, Francisco S. and Veloso, Manuela},
    journal   = {AIJ},
    volume    = {175},
    number    = {11},
    pages     = {1757--1789},
    year      = {2011},
    publisher = {Elsevier}
}

@article{capitan2013,
    title     = {Decentralized multi-robot cooperation with auctioned POMDPs},
    author    = {Capitan, Jesus and Spaan, Matthijs T. J. and Merino, Luis and Ollero, Anibal},
    journal   = {International Journal of Robotics Research},
    volume    = {32},
    number    = {6},
    pages     = {650--671},
    year      = {2013},
    publisher = {SAGE Publications UK}
}

@article{spaan2015,
    title     = {Decision-theoretic planning under uncertainty with information rewards for active cooperative perception},
    author    = {Spaan, Matthijs T. J. and Veiga, Tiago S. and Lima, Pedro U.},
    journal   = {JAAMAS},
    volume    = {29},
    number    = {6},
    pages     = {1157--1185},
    year      = {2015},
    publisher = {Springer}
}

@incollection{allen2010,
    title     = {Bayesian Agent Adaptation in Complex Dynamic Systems},
    author    = {Allen-Williams, Mair and Jennings, Nicholas R.},
    booktitle = {Handbook of Research on Complex Dynamic Process Management: Techniques for Adaptability in Turbulent Environments},
    pages     = {172--208},
    year      = {2010},
    publisher = {IGI Global}
}

@article{ramchurn2016,
    title   = {A Disaster Response System based on Human-Agent Collectives},
    author  = {Ramchurn, Sarvapali D. and Huynh, Trung Dong and Wu, Feng and Ikuno,
               Yukki and Flann, Jack and Moreau, Luc and Fischer, Joel E. and Jiang,
               Wenchao and Rodden, Tom and Simpson, Edwin and Reece, Steven and
               Roberts, Stephen and Jennings, Nicholas R.},
    journal = {JAIR},
    volume  = {57},
    pages   = {661--708},
    year    = {2016}
}

@inproceedings{baker2016,
    author    = {Baker, Chris A. B. and Ramchurn, Sarvapali and Teacy, W.T. Luke and Jennings, Nicholas R.},
    title     = {Planning Search and Rescue Missions for UAV Teams},
    booktitle = {ECAI},
    year      = {2016},
    pages     = {1777--1782},
}

@article{bazinin2018,
    title     = {Iterative Planning for Deterministic QDec-POMDPs},
    author    = {Bazinin, Sagi and Shani, Guy},
    journal   = {EPiC Series in Computing},
    volume    = {55},
    pages     = {15--28},
    year      = {2018},
    publisher = {EasyChair}
}

@inproceedings{wu2017,
    title     = {Multi-Agent Planning with Baseline Regret Minimization},
    author    = {Wu, Feng and Zilberstein, Shlomo and Chen, Xiaoping},
    booktitle = {AAAI},
    pages     = {444--450},
    year      = {2017}
}

@inproceedings{wu2016,
    author    = {Wu, Feng and Ramchurn, Sarvapali D. and Chen, Xiaoping},
    title     = {Coordinating Human-UAV Teams in Disaster Response},
    booktitle = {IJCAI},
    year      = {2016},
    pages     = {524--530}
}

@article{kschischang2001,
    title   = {Factor Graphs and the Sum-Product Algorithm},
    author  = {Kschischang, Frank R. and Frey, Brendan J. and Loeliger, Hans-Andrea},
    journal = {IEEE Transations on Information Theory},
    volume  = {47},
    number  = {2},
    pages   = {498--519},
    year    = {2001}
}

@phdthesis{yeoh2010,
    title  = {Speeding Up Distributed Constraint Optimization Search Algorithms},
    author = {Yeoh, William},
    school = {University of Southern California},
    year   = {2010}
}

@inproceedings{peri2013,
    title     = {Synchronizing for Performance-DCOP Algorithms},
    author    = {Peri, Or and Meisels, Amnon},
    booktitle = {ICAART},
    pages     = {5--14},
    year      = {2013}
}

@inproceedings{hirayama1997,
    title        = {Distributed Partial Constraint Satisfaction Problem},
    author       = {Hirayama, Katsutoshi and Yokoo, Makoto},
    booktitle    = {International Conference on Principles and Practice of Constraint Programming},
    pages        = {222--236},
    year         = {1997},
    organization = {Springer}
}

@article{gershman2009afb,
    title   = {Asynchronous Forward Bounding for Distributed COPs},
    author  = {Gershman, Amir and Meisels, Amnon and Zivan, Roie},
    journal = {JAIR},
    volume  = {34},
    pages   = {61--88},
    year    = {2009}
}

@article{modi2005adopt,
    title     = {Adopt: Asynchronous distributed constraint optimization with quality guarantees},
    author    = {Modi, Pragnesh Jay and Shen, Wei-Min and Tambe, Milind and Yokoo, Makoto},
    journal   = {AIJ},
    volume    = {161},
    number    = {1-2},
    pages     = {149--180},
    year      = {2005},
    publisher = {Elsevier}
}

@inproceedings{mailler2004,
    title     = {Solving Distributed Constraint Optimization Problems Using Cooperative Mediation},
    author    = {Mailler, Roger and Lesser, Victor},
    booktitle = {AAMAS},
    volume    = {1},
    pages     = {438--445},
    year      = {2004}
}

@inproceedings{petcu2007pc,
    title     = {PC-DPOP: A New Partial Centralization Algorithm for Distributed Optimization.},
    author    = {Petcu, Adrian and Faltings, Boi and Mailler, Roger},
    booktitle = {IJCAI},
    volume    = {7},
    pages     = {167--172},
    year      = {2007}
}

@article{grinshpoun2008,
    title   = {Completeness and Performance of the APO Algorithm},
    author  = {Grinshpoun, Tal and Meisels, Amnon},
    journal = {JAIR},
    volume  = {33},
    pages   = {223--258},
    year    = {2008}
}

@article{zhang2005,
    title     = {Distributed stochastic search and distributed breakout: properties, comparison and applications to constraint optimization problems in sensor networks},
    author    = {Zhang, Weixiong and Wang, Guandong and Xing, Zhao and Wittenburg, Lars},
    journal   = {AIJ},
    volume    = {161},
    number    = {1-2},
    pages     = {55--87},
    year      = {2005},
    publisher = {Elsevier}
}

@article{geman1993,
    title     = {Stochastic relaxation, Gibbs distributions and the Bayesian restoration of images},
    author    = {Geman, Stuart and Geman, Donald},
    journal   = {Journal of Applied Statistics},
    volume    = {20},
    number    = {5-6},
    pages     = {25--62},
    year      = {1993},
    publisher = {Taylor \& Francis}
}

@article{rogers2011,
    title     = {Bounded approximate decentralised coordination via the max-sum algorithm},
    author    = {Rogers, Alex and Farinelli, Alessandro and Stranders, Ruben and Jennings, Nicholas R.},
    journal   = {AIJ},
    volume    = {175},
    number    = {2},
    pages     = {730--759},
    year      = {2011},
    publisher = {Elsevier}
}

@inproceedings{rollon2012,
    title        = {Improved Bounded Max-Sum for Distributed Constraint Optimization},
    author       = {Rollon, Emma and Larrosa, Javier},
    booktitle    = {International Conference on Principles and Practice of Constraint Programming},
    pages        = {624--632},
    year         = {2012},
    organization = {Springer}
}

@inproceedings{zivan2012,
    title     = {Max/Min-sum Distributed Constraint Optimization through Value Propagation on an Alternating DAG},
    author    = {Zivan, Roie and Peled, Hilla},
    booktitle = {AAMAS},
    volume    = {1},
    pages     = {265--272},
    year      = {2012}
}

@inproceedings{chen2017,
    title     = {An Iterative Refined Max-sum\_AD Algorithm via Single-side Value Propagation and Local Search},
    author    = {Chen, Ziyu and Deng, Yanchen and Wu, Tengfei},
    booktitle = {AAMAS},
    pages     = {195--202},
    year      = {2017}
}

@inproceedings{stranders2010,
    title     = {A Decentralised Coordination Algorithm for Mobile Sensors},
    author    = {Stranders, Ruben and Delle Fave, Francesco Maria and Rogers, Alex and Jennings, Nicholas R.},
    booktitle = {AAAI},
    year      = {2010}
}

@inproceedings{dellefave2010,
    title     = {Decentralised Coordination of Unmanned Aerial Vehicles for Target Search using the Max-Sum Algorithm},
    author    = {Delle Fave, Francesco Maria and Xu, Zhe and Rogers, Alex and Jennings, Nicholas R.},
    booktitle = {AAMAS Workshop on Agents in Real Time and Dynamic Environment},
    pages     = {35--44},
    year      = {2010}
}

@article{pujol2018,
    title         = {Decentralized Dynamic Task Allocation for UAVs with Limited Communication Range},
    author        = {Pujol-Gonzalez, Marc and Cerquides, Jesus and Meseguer, Pedro and Rodriguez-Aguilar, Juan A. and Tambe, Milind},
    archivePrefix = {arXiv},
    eprint        = {1809.07863},
    primaryClass  = {cs.NI},
    year          = {2018}
}

@article{ramchurn2010fms,
    title     = {Decentralized Coordination in RoboCup Rescue},
    author    = {Ramchurn, Sarvapali D. and Farinelli, Alessandro and Macarthur, Kathryn S. and Jennings, Nicholas R.},
    journal   = {The Computer Journal},
    volume    = {53},
    number    = {9},
    pages     = {1447--1461},
    year      = {2010},
    publisher = {Oxford University Press}
}

@inproceedings{dellefave2012a,
    title        = {Deploying the Max-Sum Algorithm for Decentralised Coordination and Task Allocation of Unmanned Aerial Vehicles for Live Aerial Imagery Collection},
    author       = {Delle Fave, Francesco Maria and Rogers, Alex and Xu, Zhe and Sukkarieh, Salah and Jennings, Nicholas R.},
    booktitle    = {International Conference on Robotics and Automation},
    pages        = {469--476},
    year         = {2012},
    organization = {IEEE}
}

@inproceedings{dellefave2012b,
    title     = {A Methodology for Deploying the Max-Sum Algorithm and a Case Study on Unmanned Aerial Vehicles},
    author    = {Delle Fave, Francesco Maria and Farinelli, Alessandro and Rogers, Alex and Jennings, Nick},
    booktitle = {IAAI},
    year      = {2012}
}

@inproceedings{ramchurn2015b,
    title     = {HAC-ER: A Disaster Response System Based on Human-Agent Collectives},
    author    = {Ramchurn, Sarvapali D. and Huynh, Trung Dong and Ikuno, Yuki
                and Flann, Jack and Wu, Feng and Moreau, Luc and Jennings,
                Nicholas R. and Fischer, Joel E. and Jiang, Wenchao and
                Rodden, Tom and Simpson, Edwin and Reece, Steven and Roberts,
                Stephen},
    booktitle = {AAMAS},
    pages     = {533--541},
    year      = {2015}
}

@inproceedings{ramchurn2015c,
    title     = {A Study of Human-Agent Collaboration for Multi-UAV Task Allocation in Dynamic Environments},
    author    = {Ramchurn, Sarvapali D. and Fischer, Joel E. and Ikuno, Yuki and Wu, Feng and Flann, Jack and Waldock, Antony},
    booktitle = {AAAI},
    year      = {2015}
}

@inproceedings{stranders2009,
    title     = {Decentralised Coordination of Mobile Sensors Using the Max-Sum Algorithm},
    author    = {Stranders, Ruben and Farinelli, Alessandro and Rogers, Alex and Jennings, Nicholas R.},
    booktitle = {AAAI},
    year      = {2009}
}

@inproceedings{stranders2012,
    title     = {DCOPs and Bandits: Exploration and Exploitation in Decentralised Coordination},
    author    = {Stranders, Ruben and Tran-Thanh, Long and Delle Fave, Francesco Maria and Rogers, Alex and Jennings, Nicholas R.},
    booktitle = {AAMAS},
    volume    = {1},
    pages     = {289--296},
    year      = {2012}
}

@article{yedidsion2018,
    title     = {Applying max-sum to teams of mobile sensing agents},
    author    = {Yedidsion, Harel and Zivan, Roie and Farinelli, Alessandro},
    journal   = {Engineering Applications of Artificial Intelligence},
    volume    = {71},
    pages     = {87--99},
    year      = {2018},
    publisher = {Elsevier}
}

@article{schneider1993,
    author    = {Schneider, Marco},
    title     = {Self-stabilization},
    journal   = {ACM CSUR},
    volume    = {25},
    number    = {1},
    year      = {1993},
    pages     = {45--67},
    publisher = {ACM}
}

@inproceedings{petcu2005,
    title     = {A Scalable Method for Multiagent Constraint Optimization},
    author    = {Petcu, Adrian and Faltings, Boi},
    booktitle = {AAAI},
    year      = {2005}
}

@inproceedings{petcu2005b,
    title     = {Superstabilizing, fault-containing distributed combinatorial optimization},
    author    = {Petcu, Adrian and Faltings, Boi},
    booktitle = {AAAI},
    series    = {20},
    number    = {449},
    year      = {2005}
}

@inproceedings{petcu2005c,
    title     = {Approximations in Distributed Optimization},
    author    = {Petcu, Adrian and Faltings, Boi},
    booktitle = {International Conference on Principles and Practice of Constraint Programming},
    pages     = {802--806},
    year      = {2005}
}

@article{chalupsky2002,
    title   = {Electric Elves: Agent technology for supporting human organizations},
    author  = {Chalupsky, Hans and Gil, Yolanda and Knoblock, Craig A. and
               Lerman, Kristina and Oh, Jean and Pynadath, David V. and Russ,
               Thomas A. and Tambe, Milind},
    journal = {AI Magazine},
    volume  = {23},
    number  = {2},
    pages   = {11--11},
    year    = {2002}
}

@inproceedings{macarthur2010,
    title     = {Efficient, Superstabilizing Decentralised Optimisation for Dynamic Task Allocation Environments},
    author    = {Macarthur, Kathryn S. and Farinelli, Alessandro and Ramchurn, Sarvapali and Jennings, Nicholas R.},
    booktitle = {International Workshop on Optimization in Multi-Agent systems (OptMAS)},
    pages     = {25--32},
    year      = {2010}
}

@inproceedings{macarthur2011,
    title     = {A Distributed Anytime Algorithm for Dynamic Task Allocation in Multi-Agent Systems},
    author    = {Macarthur, Kathryn S. and Stranders, Ruben and Ramchurn, Sarvapali and Jennings, Nicholas R.},
    booktitle = {AAAI},
    year      = {2011}
}

@techreport{stranders2011,
    title       = {U-GDL: A decentralised algorithm for DCOPs with uncertainty},
    author      = {Stranders, Ruben and Delle Fave, Francesco Maria and Rogers, Alex and Jennings, Nicholas R.},
    address     = {School of Electronic and Computer Science},
    institution = {University of Southampton},
    year        = {2011}
}

@inproceedings{taylor2010,
    title     = {When Should There be a ``Me'' in ``Team''?: Distributed Multi-Agent Optimization Under Uncertainty},
    author    = {Taylor, Matthew E. and Jain, Manish and Jin, Yanquin and Yokoo, Makoto and Tambe, Milind},
    booktitle = {AAMAS},
    volume    = {1},
    pages     = {109--116},
    year      = {2010}
}

@article{taylor2011,
    title     = {Distributed on-line multi-agent optimization under uncertainty: Balancing exploration and exploitation},
    author    = {Taylor, Matthew E. and Jain, Manish and Tandon, Prateek and Yokoo, Makoto and Tambe, Milind},
    journal   = {Advances in Complex Systems},
    volume    = {14},
    number    = {03},
    pages     = {471--528},
    year      = {2011},
    publisher = {World Scientific}
}

@article{gdl,
    title     = {The Generalized Distributive Law},
    author    = {Aji, Srinivas M. and McEliece, Robert J.},
    journal   = {IEEE Transactions on Information Theory},
    volume    = {46},
    number    = {2},
    pages     = {325--343},
    year      = {2000},
    publisher = {IEEE}
}

@inproceedings{vermorel2005,
    title        = {Multi-armed bandit algorithms and empirical evaluation},
    author       = {Vermorel, Joannes and Mohri, Mehryar},
    booktitle    = {European conference on machine learning},
    pages        = {437--448},
    year         = {2005},
    organization = {Springer}
}

@article{auer2002,
    title     = {Finite-time analysis of the multiarmed bandit problem},
    author    = {Auer, Peter and Cesa-Bianchi, Nicolo and Fischer, Paul},
    journal   = {Machine learning},
    volume    = {47},
    number    = {2-3},
    pages     = {235--256},
    year      = {2002},
    publisher = {Springer}
}

@article{balduzzi2000,
    title     = {First-order hybrid Petri nets: a model for optimization and control},
    author    = {Balduzzi, Fabio and Giua, Alessandro and Menga, Giuseppe},
    journal   = {IEEE Transactions on Robotics and Automation},
    volume    = {16},
    number    = {4},
    pages     = {382--399},
    year      = {2000},
    publisher = {IEEE}
}

@article{kiritsis1996,
    title     = {A generic Petri net model for dynamic process planning and sequence optimization},
    author    = {Kiritsis, Dimitris and Porchet, Michel},
    journal   = {Advances in Engineering Software},
    volume    = {25},
    number    = {1},
    pages     = {61--71},
    year      = {1996},
    publisher = {Elsevier}
}

@article{karsu2012,
    title     = {The multi-resource agent bottleneck generalised assignment problem},
    author    = {Karsu, {\"O}zlem and Azizo{\u{g}}lu, Meral},
    journal   = {International Journal of Production Research},
    volume    = {50},
    number    = {2},
    pages     = {309--324},
    year      = {2012},
    publisher = {Taylor \& Francis}
}

@inproceedings{chen2019,
    title     = {A Generic Approach for Accelerating Belief Propagation based DCOP Algorithms via A Branch-and-Bound Technique},
    author    = {Chen, Ziyu and Jiang, Xingqiong and Deng, Yanchen and Chen, Dingding and He, Zhongshi},
    booktitle = {AAAI},
    volume    = {33},
    number    = {1},
    pages     = {6038--6045},
    year      = {2019}
}

@inproceedings{kim2013,
    title     = {Improved Max-Sum Algorithm for DCOP with n-ary Constraints},
    author    = {Kim, Yoonheui and Lesser, Victor},
    booktitle = {AAMAS},
    pages     = {191--198},
    year      = {2013}
}

@inproceedings{khan2018,
    title     = {A Generic Domain Pruning Technique for GDL-based DCOP Algorithms in Cooperative Multi-Agent Systems},
    author    = {Khan, Md. Mosaddek and Tran-Thanh, Long and Jennings, Nicholas R.},
    booktitle = {AAMAS},
    pages     = {1595--1603},
    year      = {2018}
}

@article{brambilla2013,
    title     = {Swarm robotics: a review from the swarm engineering perspective},
    author    = {Brambilla, Manuele and Ferrante, Eliseo and Birattari, Mauro and Dorigo, Marco},
    journal   = {Swarm Intelligence},
    volume    = {7},
    number    = {1},
    year      = {2013},
    publisher = {Springer}
}

@article{christensen2009,
    title     = {From fireflies to fault-tolerant swarms of robots},
    author    = {Christensen, Anders Lyhne and O'Grady, Rehan and Dorigo, Marco},
    journal   = {IEEE Transactions on Evolutionary Computation},
    volume    = {13},
    number    = {4},
    pages     = {754--766},
    year      = {2009},
    publisher = {IEEE}
}

@article{brooks1986,
    title     = {A robust layered control system for a mobile robot},
    author    = {Brooks, Rodney},
    journal   = {IEEE Journal on Robotics and Automation},
    volume    = {2},
    number    = {1},
    pages     = {14--23},
    year      = {1986},
    publisher = {IEEE}
}

@book{minsky1967,
    title     = {Computation: finite and infinite machines},
    author    = {Minsky, Marvin Lee},
    year      = {1967},
    publisher = {Upper Saddle River: Prentice-Hall}
}

@inproceedings{bonabeau1997,
    title     = {Adaptive Task Allocation Inspired by a Model of Division of Labor in Social Insects.},
    author    = {Bonabeau, Eric and Sobkowski, Andrej and Theraulaz, Guy and Deneubourg, Jean-Louis and others},
    booktitle = {BCEC},
    pages     = {36--45},
    year      = {1997}
}

@article{theraulaz1990,
    author  = {Theraulaz, Guy and Goss, Simon and Gervet, Jacques and Deneubourg, Jean-Louis},
    year    = {1991},
    month   = {01},
    pages   = {346-355},
    title   = {Task differentiation in Polistes wasp colonies: a model for self-organizing groups of robots},
    journal = {Behaviour}
}

@inproceedings{leaute2011,
    title     = {Distributed constraint optimization under stochastic uncertainty},
    author    = {L{\'e}aut{\'e}, Thomas and Faltings, Boi},
    booktitle = {AAAI},
    pages     = {68--73},
    year      = {2011}
}

@inproceedings{atlas2010,
    title     = {Coordination for Uncertain Outcomes Using Distributed Neighbor Exchange},
    author    = {Atlas, James and Decker, Keith},
    booktitle = {AAMAS},
    volume    = {1},
    pages     = {1047--1054},
    year      = {2010}
}

@article{marinescu2014,
    title         = {Decentralised multi-agent reinforcement learning for dynamic and uncertain environments},
    author        = {Marinescu, Andrei and Dusparic, Ivana and Taylor, Adam and Cahill, Vinny and Clarke, Siobh{\'a}n},
    archivePrefix = {arXiv},
    eprint        = {1409.4561},
    primaryClass  = {cs.MA},
    year          = {2014}
}

@book{alexander2002,
    title     = {Principles of Emergency Planning and Management},
    author    = {Alexander, David E.},
    year      = {2002},
    publisher = {Oxford University Press}
}

@article{wooldridge1997,
    title     = {Agent-Based Software Engineering},
    author    = {Wooldridge, Michael},
    journal   = {IEE Proceedings -- Software Engineering},
    pages     = {26--37},
    volume    = {144},
    number    = {1},
    year      = {1997},
    publisher = {IEEE}
}

@book{wooldridge2009,
    title     = {An Introduction to MultiAgent Systems},
    author    = {Wooldridge, Michael},
    year      = {2009},
    publisher = {John Wiley \& Sons},
    edition   = {Second edition}
}

@book{shoham2008mas,
    title     = {Multiagent Systems: Algorithmic, Game-Theoretic, and Logical Foundations},
    author    = {Shoham, Yoav and Leyton-Brown, Kevin},
    year      = {2008},
    publisher = {Cambridge University Press}
}

@inproceedings{boissier2006organization,
    title        = {Organization Oriented Programming: From Closed to Open Organizations},
    author       = {Boissier, Olivier and H{\"u}bner, Jomi F. and Sichman, Jaime S.},
    booktitle    = {Proceedings of the 7th International Conference on Engineering Societies in the Agent World},
    pages        = {86--105},
    year         = {2006},
    organization = {Springer}
}

@inbook{hewitt1990,
    author    = {Hewitt, Carl},
    title     = {The challenge of open systems},
    booktitle = {The foundations of artificial intelligence: a sourcebook},
    year      = {1990},
    pages     = {383--395},
    publisher = {Cambridge University Press}
}

@inproceedings{cohen2017,
    title     = {Max-sum Revisited: The Real Power of Damping},
    author    = {Cohen, Liel and Zivan, Roie},
    booktitle = {AAMAS},
    pages     = {111--124},
    year      = {2017}
}

@article{zivan2017,
    title     = {Balancing exploration and exploitation in incomplete min/max-sum inference for distributed constraint optimization},
    author    = {Zivan, Roie and Parash, Tomer and Cohen, Liel and Peled, Hilla and Okamoto, Steven},
    journal   = {JAAMAS},
    volume    = {31},
    number    = {5},
    pages     = {1165--1207},
    year      = {2017},
    publisher = {Springer}
}

@techreport{grr2020,
    author      = {Klaush Schwab},
    title       = {The Global Risks Report},
    institution = {World Economic Forum},
    year        = {2020},
    url         = {https://www.weforum.org/reports/the-global-risks-report-2020},
    urldate     = mydate
}

@inproceedings{shekhar2019,
    title     = {A Factored Approach to Deterministic Contingent Multi-Agent Planning},
    author    = {Shekhar, Shashank and Brafman, Ronen I. and Shani, Guy},
    booktitle = {Proceedings of the International Conference on Automated Planning and Scheduling},
    volume    = {29},
    pages     = {419--427},
    year      = {2019}
}

@book{coppola2006,
    title     = {Introduction to International Disaster Management},
    author    = {Coppola, Damon P.},
    year      = {2006},
    publisher = {Elsevier}
}

@inproceedings{maheswaran2004a,
    title     = {Distributed Algorithms for DCOP: A Graphical-Game-Based Approach},
    author    = {Maheswaran, Rajiv T. and Pearce, Jonathan P. and Tambe, Milind},
    booktitle = {ISCA PDCS},
    pages     = {432--439},
    year      = {2004}
}

@inproceedings{maheswaran2004b,
    author    = {Maheswaran, Rajiv T. and Tambe, Milind and Bowring, Emma and Pearce, Jonathan P. and Varakantham, Pradeep},
    title     = {Taking DCOP to the Real World: Efficient Complete Solutions for Distributed Multi-Event Scheduling},
    year      = {2004},
    booktitle = {AAMAS},
    volume    = {1},
    pages     = {310-–317}
}

@article{hoang2019,
    title         = {New Algorithms for Functional Distributed Constraint Optimization Problems},
    author        = {Hoang, Khoi D. and Yeoh, William and Yokoo, Makoto and Rabinovich, Zinovi},
    archivePrefix = {arXiv},
    eprint        = {1905.13275},
    primaryClass  = {cs.NI},
    year          = {2019}
}

@book{cormen2009,
    title     = {Introduction to Algorithms},
    author    = {Cormen, Thomas H. and Leiserson, Charles E. and Rivest, Ronald L. and Stein, Clifford},
    year      = {2009},
    edition   = {Third edition},
    publisher = {MIT press}
}

@book{tanenbaum2017,
    title     = {Distributed Systems},
    author    = {Van Steen, Maarten and Tanenbaum, Andrew S.},
    publisher = {CreateSpace Independent Publishing Platform},
    edition   = {Third edition},
    year      = {2017}
}

@book{baran1962,
    title     = {On distributed communication networks},
    author    = {Baran, Paul},
    year      = {1962},
    publisher = {Rand Corporation}
}

@article{tarapore2017,
    title     = {Generic, scalable and decentralized fault detection for robot swarms},
    author    = {Tarapore, Danesh and Christensen, Anders Lyhne and Timmis, Jon},
    journal   = {PloS one},
    volume    = {12},
    number    = {8},
    pages     = {e0182058},
    year      = {2017},
    publisher = {Public Library of Science}
}

@inproceedings{lian2017can,
    title     = {Can Decentralized Algorithms Outperform Centralized Algorithms?
                 A Case Study for Decentralized Parallel Stochastic Gradient
                 Descent},
    author    = {Lian, Xiangru and Zhang, Ce and Zhang, Huan and Hsieh, Cho-Jui and Zhang, Wei and Liu, Ji},
    booktitle = {Advances in Neural Information Processing Systems},
    pages     = {5330--5340},
    year      = {2017}
}

@article{pujol-gonzalez2014binary,
    title     = {Binary Max-Sum for Multi-Team Task Allocation in RoboCup Rescue},
    author    = {Pujol-Gonzalez, Marc and Cerquides, Jesus and Farinelli,
                 Alessandro and Meseguer, Pedro and Rodriguez-Aguilar, Juan A.},
    year      = {2014},
    booktitle = {International Workshop Optimisation in Multi-Agent Systems and Distributed Constraint
                 Reasoning (OptMAS-DCR)}
}

@inproceedings{le2016er,
    title        = {ER-DCOPs: A Framework for Distributed Constraint Optimization with Uncertainty in Constraint Utilities},
    author       = {Le, Tiep and Fioretto, Ferdinando and Yeoh, William and Son, Tran Cao and Pontelli, Enrico},
    booktitle    = {Proceedings of the 15th International Conference on Autonomous Agents and Multiagent Systems},
    pages        = {606--614},
    year         = {2016},
    organization = {International Foundation for Autonomous Agents and Multiagent Systems}
}

@article{loeliger2004,
    title     = {An Introduction to Factor Graphs},
    author    = {Loeliger, Hans-Andrea},
    journal   = {IEEE Signal Processing Magazine},
    volume    = {21},
    number    = {1},
    pages     = {28--41},
    year      = {2004},
    publisher = {IEEE}
}

@article{segall1983,
    title     = {Distributed Network Protocols},
    author    = {Segall, Adrian},
    journal   = {IEEE Transactions on Information Theory},
    volume    = {29},
    number    = {1},
    pages     = {23--35},
    year      = {1983},
    publisher = {IEEE}
}

@inproceedings{yokoo1992,
    title        = {Distributed Constraint Satisfaction for Formalizing Distributed Problem Solving},
    author       = {Yokoo, Makoto and Ishida, Toru and Durfee, Edmund H. and Kuwabara, Kazuhiro},
    booktitle    = {International Conference on Distributed Computing Systems},
    pages        = {614--621},
    year         = {1992},
    organization = {IEEE}
}

@book{fokkink2018,
    title     = {Distributed Algorithms: An Intuitive Approach},
    author    = {Fokkink, Wan},
    year      = {2018},
    edition   = {Second edition},
    publisher = {MIT Press}
}

@book{lynch1996,
    title     = {Distributed Algorithms},
    author    = {Lynch, Nancy A.},
    year      = {1996},
    publisher = {Elsevier}
}

@article{hamadi2002,
    title     = {Optimal Distributed Arc-Consistency},
    author    = {Hamadi, Youssef},
    journal   = {Constraints},
    volume    = {7},
    number    = {3-4},
    pages     = {367--385},
    year      = {2002},
    publisher = {Springer}
}

@article{poslad2007,
    title     = {Specifying Protocols for Multi-agent Systems Interaction},
    author    = {Poslad, Stefan},
    journal   = {ACM TAAS},
    volume    = {2},
    number    = {4},
    pages     = {15},
    year      = {2007},
    publisher = {ACM}
}

@book{kasahara2006,
    title     = {Large-Scale Genome Sequence Processing},
    author    = {Kasahara, Masahiro and Morishita, Shinichi},
    year      = {2006},
    publisher = {Imperial College Press}
}

@article{pujol2015,
    title     = {Efficient Inter-Team Task Allocation in Robocup Rescue},
    author    = {Pujol-Gonzalez, Marc and Cerquides, Jesus and Farinelli, Alessandro and Meseguer, Pedro and Rodriguez-Aguilar, Juan Antonio},
    booktitle = {AAMAS},
    pages     = {413--421},
    year      = {2015}
}

@article{ramamritham1989,
    title     = {Distributed Scheduling of Tasks with Deadlines and Resource Requirements},
    author    = {Ramamritham, Krithi and Stankovic, John A. and Zhao, Wei},
    journal   = {IEEE Transactions on Computers},
    volume    = {38},
    number    = {8},
    pages     = {1110--1123},
    year      = {1989},
    publisher = {IEEE}
}

@book{stankovic2013edf,
    title     = {Deadline scheduling for real-time systems: EDF and related algorithms},
    author    = {Stankovic, John A. and Spuri, Marco and Ramamritham, Krithi and Buttazzo, Giorgio C.},
    volume    = {460},
    year      = {2013},
    publisher = {Springer Science \& Business Media},
    note      = {Reprint of the original 1998 edition}
}

@book{knuth2005,
    title     = {The Art of Computer Programming, Volume 4, Fascicle 2: Generating All Tuples and Permutations},
    author    = {Knuth, Donald E.},
    year      = {2005},
    publisher = {Pearson Education},
}

@book{knuth2011,
    title     = {The Art of Computer Programming, volume 4A: combinatorial algorithms, part 1},
    volume    = {4A: Combinatorial Algorithms, Part 1},
    author    = {Knuth, Donald E},
    year      = {2011},
    publisher = {Pearson Education}
}

@article{rcr2001,
    title   = {RoboCup Rescue: A Grand Challenge for Multiagent and Intelligent Systems},
    author  = {Kitano, Hiroaki and Tadokoro, Satoshi},
    journal = {AI Magazine},
    volume  = {22},
    number  = {1},
    pages   = {39--53},
    year    = {2001}
}

@inproceedings{rcr1999,
    title        = {RoboCup Rescue: Search and Rescue in Large-Scale Disasters as a Domain for Autonomous Agents Research},
    author       = {Kitano, Hiroaki and Tadokoro, Satoshi and Noda, Itsuki and Matsubara, Hitoshi and Takahashi, Tomoichi and Shinjou, Atsuhi and Shimada, Susumu},
    booktitle    = {International Conference on Systems, Man, and Cybernetics},
    volume       = {6},
    pages        = {739--743},
    year         = {1999},
    organization = {IEEE}
}

@article{korsah2013taxonomy,
    title     = {A comprehensive taxonomy for multi-robot task allocation},
    author    = {Korsah, G. Ayorkor and Stentz, Anthony and Dias, M. Bernardine},
    journal   = {International Journal of Robotics Research},
    volume    = {32},
    number    = {12},
    pages     = {1495--1512},
    year      = {2013},
    publisher = {SAGE Publications Sage UK: London, England}
}


@article{bogner2018,
    title     = {Optimised scheduling in human--robot collaboration--a use case in the assembly of printed circuit boards},
    author    = {Bogner, Karin and Pferschy, Ulrich and Unterberger, Roland and Zeiner, Herwig},
    journal   = {International Journal of Production Research},
    volume    = {56},
    number    = {16},
    pages     = {5522--5540},
    year      = {2018},
    publisher = {Taylor \& Francis}
}

@article{gallud2018,
    title     = {Agent-based simulation framework and consensus algorithm for observing systems with adaptive modularity},
    author    = {Gallud, Ximo and Selva, Daniel},
    journal   = {Systems Engineering},
    volume    = {21},
    number    = {5},
    pages     = {432--454},
    year      = {2018},
    publisher = {Wiley Online Library}
}

@article{krizmancic2020,
    title     = {Cooperative Aerial-Ground Multi-Robot System for Automated Construction Tasks},
    author    = {Krizmancic, Marko and Arbanas, Barbara and Petrovic, Tamara and Petric, Frano and Bogdan, Stjepan},
    journal   = {IEEE Robotics and Automation Letters},
    volume    = {5},
    number    = {2},
    year      = {2020},
    publisher = {IEEE}
}

@inproceedings{koes2006,
    title        = {Constraint optimization coordination architecture for search and rescue robotics},
    author       = {Koes, Mary and Nourbakhsh, Illah and Sycara, Katia},
    booktitle    = {Proceedings of International Conference on Robotics and Automation},
    pages        = {3977--3982},
    year         = {2006},
    organization = {IEEE}
}

@inproceedings{koes2005,
    title     = {Heterogeneous Multirobot Coordination with Spatial and Temporal Constraints},
    author    = {Koes, Mary and Nourbakhsh, Illah and Sycara, Katia},
    booktitle = {AAAI},
    volume    = {5},
    pages     = {1292--1297},
    year      = {2005}
}

@article{dos2011,
    title     = {Towards efficient multiagent task allocation in the RoboCup Rescue: a biologically-inspired approach},
    author    = {Dos Santos, Fernando and Bazzan, Ana L. C.},
    journal   = {JAAMAS},
    volume    = {22},
    number    = {3},
    pages     = {465--486},
    year      = {2011},
    publisher = {Springer}
}

@inproceedings{godoy2013,
    title     = {Task Allocation for Spatially and Temporally Distributed Tasks},
    author    = {Godoy, Julio and Gini, Maria},
    booktitle = {IAS},
    pages     = {603--612},
    publisher = {Springer Berlin Heidelberg},
    year      = {2013}
}

@article{ye2013,
    title     = {Self-Adaptation-Based Dynamic Coalition Formation in a Distributed Agent Network: A Mechanism and a Brief Survey},
    author    = {Ye, Dayong and Zhang, Minjie and Sutanto, Danny},
    journal   = {IEEE Transactions on Parallel and Distributed Systems},
    volume    = {24},
    number    = {5},
    pages     = {1042--1051},
    year      = {2013},
    publisher = {IEEE}
}

@article{liu2015,
    title     = {Memetic algorithms for optimal task allocation in multi-robot systems for inspection problems with cooperative tasks},
    author    = {Liu, Chun and Kroll, Andreas},
    journal   = {Soft Computing},
    volume    = {19},
    number    = {3},
    pages     = {567--584},
    year      = {2015},
    publisher = {Springer}
}

@article{zhou2020,
    title     = {Task Allocation for Multi-agent Systems Based on Distributed Many-objective Evolutionary Algorithm and Greedy Algorithm},
    author    = {Zhou, Jing and Zhao, Xiaozhe and Zhang, Xiaopan and Zhao, Dongdong and Li, Huanhuan},
    journal   = {IEEE Access},
    year      = {2020},
    publisher = {IEEE}
}

@phdthesis{korsah2011thesis,
    title  = {Exploring Bounded Optimal Coordination for Heterogeneous Teams with Cross-Schedule Dependencies},
    author = {Korsah, G. Ayorkor},
    year   = {2011},
    school = {Carnegie Mellon University}
}

@article{dutta2020,
    title     = {Correlation Clustering-based Multi-robot Task Allocation: a tale of two graphs},
    author    = {Dutta, Ayan and Czarnecki, Emily and Ufimtsev, Vladimir and Asaithambi, Asai},
    journal   = {ACM SIGAPP Applied Computing Review},
    volume    = {19},
    number    = {4},
    pages     = {5--16},
    year      = {2020},
    publisher = {ACM New York, NY, USA}
}

@book{weiss2013,
    title     = {Multiagent Systems},
    editor    = {Weiss, Gerhard},
    edition   = {Second edition},
    year      = {2013},
    publisher = {MIT press}
}

@book{arora2009,
    title     = {Computational Complexity: A Modern Approach},
    author    = {Arora, Sanjeev and Barak, Boaz},
    year      = {2009},
    publisher = {Cambridge University Press}
}

@book{gell1995,
    title     = {The Quark and the Jaguar: Adventures in the Simple and the Complex},
    author    = {Gell-Mann, Murray},
    year      = {1995},
    publisher = {Macmillan}
}

@inproceedings{mataric1993,
    title     = {Designing Emergent Behaviors: From Local Interactions to Collective Intelligence},
    author    = {Mataric, Maja J.},
    booktitle = {International Conference on Simulation of Adaptive Behavior},
    pages     = {432--441},
    year      = {1993},
    publisher = {MIT Press}
}

@inproceedings{capezzuto2020,
    title     = {Anytime and Efficient Coalition Formation with Spatial and Temporal Constraints},
    author    = {Capezzuto, Luca and Tarapore, Danesh and Ramchurn, Sarvapali D.},
    booktitle = {EUMAS},
    pages     = {589--606},
    year      = {2020},
    publisher = {Springer International Publishing}
}

@article{capezzuto2021,
    title   = {Anytime and Efficient Multi-agent Coordination for Disaster Response},
    author  = {Capezzuto, Luca and Tarapore, Danesh and Ramchurn, Sarvapali D.},
    journal = {SN Comput. Sci.},
    volume  = {2},
    number  = {3},
    pages   = {1--15},
    year    = {2021}
}

@inproceedings{capezzuto2021b,
    title         = {Multi-Agent Routing and Scheduling Through Coalition Formation},
    author        = {Luca Capezzuto and Danesh Tarapore and Sarvapali D. Ramchurn},
    booktitle     = {OptLearnMAS at AAMAS 2021},
    archivePrefix = {arXiv},
    eprint        = {2105.00451},
    primaryClass  = {cs.MA},
    year          = {2021}
}

@inproceedings{capezzuto2021c,
    title     = {Large-scale, Dynamic and Distributed Coalition Formation with Spatial and Temporal Constraints},
    author    = {Capezzuto, Luca and Tarapore, Danesh and Ramchurn, Sarvapali D.},
    booktitle = {EUMAS 2021},
    publisher = {Springer Cham},
    pages     = {108--125},
    year      = {2021}
}

@article{nunes2017taxonomy,
    title     = {A taxonomy for task allocation problems with temporal and ordering constraints},
    author    = {Nunes, Ernesto and Manner, Marie and Mitiche, Hakim and Gini, Maria},
    journal   = {JRAS},
    volume    = {90},
    pages     = {55--70},
    year      = {2017},
    publisher = {Elsevier}
}

@book{skiena2008book,
    title     = {The Algorithm Design Manual},
    author    = {Skiena, Steven S.},
    edition   = {Second edition},
    year      = {2008},
    publisher = {Springer Science \& Business Media}
}

@book{chalkiadakis2011,
    title     = {Computational Aspects of Cooperative Game Theory},
    author    = {Chalkiadakis, Georgios and Elkind, Edith and Wooldridge, Michael},
    year      = {2012},
    publisher = {Morgan \& Claypool Publishers}
}

@article{michalak2016,
    title   = {A hybrid exact algorithm for complete set partitioning},
    journal = {AIJ},
    volume  = {230},
    pages   = {14--50},
    year    = {2016},
    author  = {Tomasz Michalak and Talal Rahwan and Edith Elkind and Michael Wooldridge and Nicholas R. Jennings}
}

@article{colson2007,
    title     = {An overview of bilevel optimization},
    author    = {Colson, Beno{\^\i}t and Marcotte, Patrice and Savard, Gilles},
    journal   = {Annals of Operations Research},
    volume    = {153},
    number    = {1},
    pages     = {235--256},
    year      = {2007},
    publisher = {Springer}
}

@inproceedings{bonyadi2013,
    title        = {The travelling thief problem: the first step in the transition from theoretical problems to realistic problems},
    author       = {Bonyadi, Mohammad Reza and Michalewicz, Zbigniew and Barone, Luigi},
    booktitle    = {Proceedings of the 2013 IEEE Congress on Evolutionary Computation},
    pages        = {1037--1044},
    organization = {IEEE},
    year         = {2013}
}

@incollection{bonyadi2019,
    author    = {Bonyadi, Mohammad Reza and Michalewicz, Zbigniew and Wagner, Markus and Neumann, Frank},
    editor    = {Datta, Shubhabrata and Davim, J. Paulo},
    title     = {Evolutionary Computation for Multicomponent Problems: Opportunities and Future Directions},
    booktitle = {Optimization in Industry: Present Practices and Future Scopes},
    year      = {2019},
    publisher = {Springer International Publishing},
    pages     = {13--30}
}

@inproceedings{michalewicz2012,
    title        = {Quo Vadis, Evolutionary Computation?},
    author       = {Michalewicz, Zbigniew},
    booktitle    = {IEEE World Congress on Computational Intelligence},
    pages        = {98--121},
    year         = {2012},
    organization = {Springer}
}

@incollection{hoffman2000,
    author    = {Hoffman, Karla and Padberg, Manfred},
    editor    = {Floudas, Christodoulos A. and Pardalos, Panos M.},
    title     = {Set Covering, Packing and Partitioning Problems},
    booktitle = {Encyclopedia of Optimization},
    year      = {2009},
    publisher = {Springer US},
    edition   = {Second edition}
}

@book{siciliano2016,
    title     = {Springer Handbook of Robotics},
    author    = {Siciliano, Bruno and Khatib, Oussama},
    year      = {2016},
    edition   = {Second edition},
    publisher = {Springer}
}

@article{morrison2016,
    title     = {Branch-and-bound algorithms: A survey of recent advances in searching, branching, and pruning},
    author    = {Morrison, David R. and Jacobson, Sheldon H. and Sauppe, Jason J. and Sewell, Edward C.},
    journal   = {Discrete Optimization},
    volume    = {19},
    pages     = {79--102},
    year      = {2016},
    publisher = {Elsevier}
}

@book{ortega1970,
    title     = {Iterative Solution of Nonlinear Eq.s in Several Variables},
    author    = {Ortega, James M. and Rheinboldt, Werner C.},
    volume    = {30},
    year      = {1970},
    publisher = {Siam}
}

@book{young1971,
    title     = {Iterative solution of large linear systems},
    author    = {Young, David Matheson and Rheinboldt, Werner},
    year      = {1971},
    publisher = {Academic Press}
}

@article{zilberstein1996,
    title   = {Using Anytime Algorithms in Intelligent Systems},
    author  = {Zilberstein, Shlomo},
    journal = {AI Magazine},
    volume  = {17},
    number  = {3},
    pages   = {73--83},
    year    = {1996}
}

@inproceedings{augusto2006,
    title        = {Using ambient intelligence for disaster management},
    author       = {Augusto, Juan Carlos and Liu, Jun and Chen, Liming},
    booktitle    = {International Conference on Knowledge-Based and Intelligent Information and Engineering Systems},
    pages        = {171--178},
    year         = {2006},
    organization = {Springer}
}

@article{bessis2011,
    title     = {A next generation emerging technologies roadmap for enabling collective computational intelligence in disaster management},
    author    = {Bessis, Nik and Asimakopoulou, Eleana and Xhafa, Fatos},
    journal   = {International Journal of Space-Based and Situated Computing},
    volume    = {1},
    number    = {1},
    pages     = {76--85},
    year      = {2011},
    publisher = {Inderscience Publishers}
}

@inproceedings{backfried2012,
    title        = {Open source intelligence in disaster management},
    author       = {Backfried, Gerhard and Schmidt, Christian and Pfeiffer, Mark and Quirchmayr, Gerald and Glanzer, Markus and Rainer, Karin},
    booktitle    = {European Intelligence and Security Informatics Conference},
    pages        = {254--258},
    year         = {2012},
    organization = {IEEE}
}

@inproceedings{xhafa2011,
    title        = {An event-based approach to supporting team coordination and decision making in disaster management scenarios},
    author       = {Xhafa, Fatos and Asimakopoulou, Eleana and Bessis, Nik and Barolli, Leonard and Takizawa, Makoto},
    booktitle    = {2011 Third International Conference on Intelligent Networking and Collaborative Systems},
    pages        = {741--745},
    year         = {2011},
    organization = {IEEE}
}

@inproceedings{imran2014,
    title     = {AIDR: Artificial Intelligence for Disaster Response},
    author    = {Imran, Muhammad and Castillo, Carlos and Lucas, Ji and Meier, Patrick and Vieweg, Sarah},
    booktitle = {Proceedings of the 23rd International Conference on World Wide Web},
    pages     = {159--162},
    year      = {2014}
}

@article{imran2015,
    title     = {Processing social media messages in mass emergency: A survey},
    author    = {Imran, Muhammad and Castillo, Carlos and Diaz, Fernando and Vieweg, Sarah},
    journal   = {ACM CSUR},
    volume    = {47},
    number    = {4},
    pages     = {1--38},
    year      = {2015},
    publisher = {ACM New York, NY, USA}
}

@Inbook{palen2018,
    author    = {Palen, Leysia and Hughes, Amanda L.},
    editor    = {Rodr{\'i}guez, Havid{\'a}n and Donner, William and Trainor, Joseph E.},
    title     = {Social Media in Disaster Communication},
    bookTitle = {Handbook of Disaster Research},
    year      = {2018},
    publisher = {Springer International Publishing},
    pages     = {497--518}
}

@inproceedings{domnori2011,
    title        = {Multi-Agent Approach for Disaster Management},
    author       = {Domnori, Elton and Cabri, Giacomo and Leonardi, Letizia},
    booktitle    = {International Conference on P2P, Parallel, Grid, Cloud and Internet Computing},
    pages        = {311--316},
    year         = {2011},
    organization = {IEEE}
}

@inproceedings{rmasbench,
    title     = {RMASBench: Benchmarking Dynamic Multi-Agent Coordination in Urban Search and Rescue},
    author    = {Kleiner, Alexander and Farinelli, Alessandro and Ramchurn, Sarvapali and Shi, Bing and Maffioletti, Fabio and Reffato, Riccardo},
    booktitle = {AAMAS},
    pages     = {1195--1196},
    year      = {2013},
    url       = {https://gitlab.com/lcpz/rmasbench},
    urldate   = mydate,
}

@inproceedings{rmasbench2,
    title     = {RMASBench: a Benchmarking System for Multi-Agent Coordination in Urban Search and Rescue},
    author    = {Maffioletti, Fabio and Reffato, Riccardo and Farinelli, Alessandro and Kleiner, Alexander and Ramchurn, Sarvapali and Shi, Bing},
    booktitle = {AAMAS},
    pages     = {1383--1384},
    year      = {2013}
}

@inproceedings{meisels2002,
    title     = {Comparing performance of distributed constraints processing algorithms},
    author    = {Meisels, Amnon and Kaplansky, Eliezer and Razgon, Igor and Zivan, Roie},
    booktitle = {International Workshop on Distributed Constraint Reasoning},
    pages     = {86--93},
    year      = {2002},
}

@article{solovey2020,
    title         = {Fast Near-Optimal Heterogeneous Task Allocation via Flow Decomposition},
    author        = {Solovey, Kiril and Bandyopadhyay, Saptarshi and Rossi, Federico and
                     Wolf, Michael T. and Pavone, Marco},
    archivePrefix = {arXiv},
    eprint        = {2011.03603},
    primaryClass  = {cs.RO},
}

@book{slowik2020swarm,
    title     = {Swarm Intelligence Algorithms: Modifications and Applications},
    author    = {Slowik, Adam},
    year      = {2020},
    publisher = {CRC Press}
}

@article{nguyen2019,
    title   = {Distributed Gibbs: A Linear-Space Sampling-Based DCOP Algorithm},
    author  = {Nguyen, Duc Thien and Yeoh, William and Lau, Hoong Chuin and Zivan, Roie},
    journal = {JAIR},
    volume  = {64},
    pages   = {705--748},
    year    = {2019}
}

@article{vieira2007,
    title   = {On the formal semantics of speech-act based communication in an agent-oriented programming language},
    author  = {Vieira, Renata and Moreira, {\'A}lvaro F and Wooldridge, Michael and Bordini, Rafael H},
    journal = {JAIR},
    volume  = {29},
    pages   = {221--267},
    year    = {2007}
}

@misc{lfb-incident,
    title   = {London Fire Brigade Incident Records},
    author  = {{London Datastore}},
    note    = {\url{https://data.london.gov.uk/dataset/london-fire-brigade-incident-records}},
    year    = {2021},
    urldate = mydate
}

@misc{lfb-mobilisation,
    title   = {London Fire Brigade Mobilisation Records},
    author  = {{London Datastore}},
    note    = {\url{https://data.london.gov.uk/dataset/london-fire-brigade-mobilisation-records}},
    year    = {2021},
    urldate = mydate
}

@misc{lfb-fleet,
    title   = {{London Fire Brigade - fleet list}},
    author  = {{London Datastore}},
    note    = {\url{https://data.london.gov.uk/dataset/london-fire-brigade---fleet-list}},
    urldate = mydate
}

@article{larson2000,
    title     = {Anytime coalition structure generation: an average case study},
    author    = {Larson, Kate S. and Sandholm, Tuomas W.},
    journal   = {Journal of Experimental \& Theoretical Artificial Intelligence},
    volume    = {12},
    number    = {1},
    pages     = {23--42},
    year      = {2000},
    publisher = {Taylor \& Francis}
}

@inproceedings{service2010,
    title={Approximate Coalition Structure Generation},
    author={Service, Travis C and Adams, Julie A},
    booktitle={AAAI},
    pages={854--859},
    year={2010}
}

@article{innocente2019,
    title   = {Self-organising swarms of firefighting drones: Harnessing the power of collective intelligence in decentralised multi-robot systems},
    journal = {Journal of Computational Science},
    volume  = {34},
    pages   = {80--101},
    year    = {2019},
    author  = {Innocente, Mauro S. and Grasso, Paolo}
}

@article{tarapore2020,
    author  = {Tarapore, Danesh and Groß, Roderich and Zauner, Klaus-Peter},
    title   = {Sparse Robot Swarms: Moving Swarms to Real-World Applications},
    journal = {Frontiers in Robotics and AI},
    volume  = {7},
    pages   = {83},
    year    = {2020},
}

@book{burkard2012,
    title     = {Assignment Problems},
    author    = {Burkard, Rainer and Dell'Amico, Mauro and Martello, Silvano},
    year      = {2012},
    publisher = {SIAM}
}

@article{kuhn1955,
    title     = {The Hungarian method for the assignment problem},
    author    = {Kuhn, Harold W.},
    journal   = {Naval research logistics quarterly},
    volume    = {2},
    number    = {1-2},
    pages     = {83--97},
    year      = {1955},
    publisher = {Wiley Online Library}
}

@article{oncan2007survey,
    title     = {A survey of the Generalized Assignment Problem and Its Applications},
    author    = {{\"O}ncan, Temel},
    journal   = {INFOR: Information Systems and Operational Research},
    volume    = {45},
    number    = {3},
    pages     = {123--141},
    year      = {2007},
    publisher = {Taylor \& Francis}
}

@article{schranz2020survey,
    author  = {Schranz, Melanie and Umlauft, Martina and Sende, Micha and Elmenreich, Wilfried},
    title   = {Swarm Robotic Behaviors and Current Applications},
    journal = {Frontiers in Robotics and AI},
    volume  = {7},
    pages   = {36},
    year    = {2020}
}

@article{lau2003,
    title     = {Vehicle routing problem with time windows and a limited number of vehicles},
    author    = {Lau, Hoong Chuin and Sim, Melvyn and Teo, Kwong Meng},
    journal   = {European journal of operational research},
    volume    = {148},
    number    = {3},
    pages     = {559--569},
    year      = {2003},
    publisher = {Elsevier}
}

@article{rizk2019survey,
    author    = {Rizk, Yara and Awad, Mariette and Tunstel, Edward W.},
    title     = {Cooperative Heterogeneous Multi-Robot Systems: A Survey},
    year      = {2019},
    publisher = {ACM},
    volume    = {52},
    number    = {2},
    journal   = {ACM CSUR},
    pages     = {1--31}
}

@book{brucker2007,
    title     = {Scheduling Algorithms},
    author    = {Brucker, Peter},
    year      = {2007},
    publisher = {Springer-Verlag},
    edition   = {Fifth edition}
}

@phdthesis{zlot2006thesis,
    title       = {An Auction-Based Approach to Complex Task Allocation for Multirobot Teams},
    author      = {Zlot, Robert Michael},
    year        = {2006},
    institution = {The Robotics Institute, Carnegie Mellon University}
}

@article{ferreira2010,
    title     = {RoboCup Rescue as multiagent task allocation among teams: experiments with task interdependencies},
    author    = {Ferreira, Paulo Roberto and Dos Santos, Fernando and Bazzan, Ana L. C. and Epstein, Daniel and Waskow, Samuel J.},
    journal   = {JAAMAS},
    volume    = {20},
    number    = {3},
    pages     = {421--443},
    year      = {2010},
    publisher = {Springer}
}

@inproceedings{scerri2005,
    title     = {Allocating Tasks in Extreme Teams},
    author    = {Scerri, Paul and Farinelli, Alessandro and Okamoto, Steven and Tambe, Milind},
    booktitle = {AAMAS},
    pages     = {727--734},
    year      = {2005}
}

@article{guerrero2017,
    title   = {Multi-robot Coalitions Formation with Deadlines: Complexity Analysis and Solutions},
    author  = {Guerrero, Jose and Oliver, Gabriel and Valero, Oscar},
    journal = {PloS one},
    volume  = {12},
    number  = {1},
    year    = {2017}
}

@article{nunes2017,
    title     = {Decentralized multi-robot allocation of tasks with temporal and precedence constraints},
    author    = {Nunes, Ernesto and McIntire, Mitchell and Gini, Maria},
    journal   = {Advanced Robotics},
    volume    = {31},
    number    = {22},
    pages     = {1193--1207},
    year      = {2017},
    publisher = {Taylor \& Francis}
}

@inproceedings{suslova2020,
    title        = {Multi-Robot Task Allocation with Time Window and Ordering Constraints},
    author       = {Suslova, Elina and Fazli, Pooyan},
    booktitle    = {IROS},
    pages        = {6909--6916},
    year         = {2020},
    organization = {IEEE}
}

@inproceedings{bischoff2020,
    title     = {Multi-Robot Task Allocation and Scheduling Considering Cooperative Tasks and Precedence Constraints},
    author    = {Bischoff, Esther and Meyer, Fabian and Inga, Jairo and Hohmann, S{\"o}ren},
    booktitle = {IEEE International Conference on Systems, Man, and Cybernetics},
    pages     = {3949--3956},
    year      = {2020},
}

@article{nelke2020,
    title     = {Market Clearing-based Dynamic Multi-agent Task Allocation},
    author    = {Nelke, Sofia Amador and Okamoto, Steven and Zivan, Roie},
    journal   = {ACM Transactions on Intelligent Systems and Technology},
    volume    = {11},
    number    = {1},
    pages     = {1--25},
    year      = {2020},
    publisher = {ACM New York, NY, USA}
}

@article{delmerico2019survey,
    title     = {The current state and future outlook of rescue robotics},
    author    = {Delmerico, Jeffrey and Mintchev, Stefano and Giusti, Alessandro and
                 Gromov, Boris and Melo, Kamilo and Horvat, Tomislav and Cadena, Cesar and
                 Hutter, Marco and Ijspeert, Auke and Floreano, Dario and others},
    journal   = {Journal of Field Robotics},
    volume    = {36},
    number    = {7},
    pages     = {1171--1191},
    year      = {2019},
    publisher = {Wiley Online Library}
}

@article{sun2020survey,
    title     = {Applications of artificial intelligence for disaster management},
    author    = {Sun, Wenjuan and Bocchini, Paolo and Davison, Brian D.},
    journal   = {Natural Hazards},
    pages     = {1--59},
    year      = {2020},
    publisher = {Springer}
}

@book{murphy2014,
    title     = {Disaster Robotics},
    author    = {Murphy, Robin R.},
    year      = {2014},
    publisher = {MIT press}
}

@article{ross1975,
    title     = {A branch and bound algorithm for the generalized assignment problem},
    author    = {Ross, G. Terry and Soland, Richard M.},
    journal   = {Mathematical Programming},
    volume    = {8},
    number    = {1},
    pages     = {91--103},
    year      = {1975},
    publisher = {Springer}
}

@book{russell2020,
    title     = {Artificial Intelligence: A Modern Approach},
    author    = {Russell, Stuart and Norvig, Peter},
    year      = {2020},
    edition   = {Fourth edition},
    publisher = {Pearson}
}

@book{wolsey2020,
    title     = {Integer Programming},
    author    = {Wolsey, Laurence A.},
    edition   = {Second edition},
    year      = {2020},
    publisher = {John Wiley \& Sons}
}

@book{griva2009,
    title     = {Linear and Nonlinear Optimization},
    author    = {Griva, Igor and Nash, Stephen G. and Sofer, Ariela},
    edition   = {Second edition},
    year      = {2009},
    publisher = {SIAM}
}

@book{top2019,
    title     = {Orienteering Problems: Models and Algorithms for Vehicle Routing Problems with Profits},
    author    = {Vansteenwegen, Pieter and Gunawan, Aldy},
    year      = {2019},
    publisher = {Springer Nature},
    address   = {Switzerland}
}

@article{zivan2014,
    title   = {Explorative Anytime Local Search for Distributed Constraint Optimization},
    journal = {AIJ},
    volume  = {212},
    pages   = {1--26},
    year    = {2014},
    author  = {Roie Zivan and Steven Okamoto and Hilla Peled}
}

@inproceedings{pearce2007,
    title     = {Quality Guarantees on k-Optimal Solutions for Distributed Constraint Optimization Problems},
    author    = {Pearce, Jonathan P. and Tambe, Milind},
    booktitle = {IJCAI},
    pages     = {1446--1451},
    year      = {2007}
}

@inproceedings{okamoto2016,
    title     = {Distributed Breakout: Beyond Satisfaction},
    author    = {Okamoto, Steven and Zivan, Roie and Nahon, Aviv and others},
    booktitle = {IJCAI},
    pages     = {447--453},
    year      = {2016}
}

@article{mailler2018,
    title     = {Dynamic, distributed constraint solving and thermodynamic theory},
    author    = {Mailler, Roger and Zheng, Huimin and Ridgway, Anton},
    journal   = {JAAMAS},
    volume    = {32},
    number    = {1},
    pages     = {188--217},
    year      = {2018},
    publisher = {Springer}
}

@article{leite2014survey,
    title     = {Distributed Constraint Optimization Problems: Review and perspectives},
    author    = {Leite, Allan R. and Enembreck, Fabricio and Barthes, Jean-Paul A.},
    journal   = {Expert Systems with Applications},
    volume    = {41},
    number    = {11},
    pages     = {5139--5157},
    year      = {2014},
    publisher = {Elsevier}
}

@inproceedings{van2017,
    title     = {CoCoA: A Non-Iterative Approach to a Local Search (A)DCOP Solver},
    author    = {van Leeuwen, Cornelis Jan and Pawelczak, Przemyslaw},
    booktitle = {AAAI},
    volume    = {31},
    number    = {1},
    year      = {2017}
}

@inproceedings{leite2019a,
    title        = {Evaluating Incomplete DCOP Algorithms On Large-Scale Problems},
    author       = {Leite, Allan R. and Enembreck, Fabricio},
    booktitle    = {International Joint Conference on Neural Networks},
    pages        = {1--8},
    year         = {2019},
    organization = {IEEE}
}

@article{leite2019b,
    title   = {Using Collective Behavior of Coupled Oscillators for Solving DCOP},
    author  = {Leite, Allan R. and Enembreck, Fabricio},
    journal = {JAIR},
    volume  = {64},
    pages   = {987--1023},
    year    = {2019}
}

@inproceedings{billiau2012,
    title     = {SBDO: A New Robust Approach to Dynamic Distributed Constraint Optimisation},
    author    = {Billiau, Graham and Chang, Chee Fon and Ghose, Aditya},
    booktitle = {PRIMA},
    pages     = {11--26},
    year      = {2012},
    publisher = {Springer Berlin Heidelberg}
}

@inproceedings{billiau2014,
    title        = {Multi-objective Distributed Constraint Optimization Using Semi-rings},
    author       = {Billiau, Graham and Chang, Chee Fon and Ghose, Aditya},
    booktitle    = {International Conference on Principles and Practice of Multi-Agent Systems},
    pages        = {407--422},
    year         = {2014},
    organization = {Springer}
}

@inproceedings{yokoo1996,
    title        = {Distributed Breakout Algorithm for Solving Distributed Constraint Satisfaction Problems},
    author       = {Yokoo, Makoto and Hirayama, Katsutoshi},
    booktitle    = {AAMAS},
    pages        = {401--408},
    year         = {1996},
    organization = {MIT Press Cambridge}
}

@inproceedings{mahmud2020a,
    author    = {Mahmud, Saaduddin and Choudhury, Moumita and Khan, Md. Mosaddek and Tran-Thanh, Long and Jennings, Nicholas R.},
    title     = {AED: An Anytime Evolutionary DCOP Algorithm},
    year      = {2020},
    booktitle = {AAMAS},
    pages     = {825–833}
}

@article{mahmud2020b,
    title         = {On Population-Based Algorithms for Distributed Constraint Optimization Problems},
    author        = {Mahmud, Saaduddin and Khan, Md. Mosaddek and Jennings, Nicholas R.},
    archivePrefix = {arXiv},
    eprint        = {2009.01625},
    primaryClass  = {cs.AI},
    year          = {2020}
}

@inproceedings{vinyals2011,
    author    = {Vinyals, Meritxell and Shieh, Eric and Cerquides, Jesus and Rodriguez-Aguilar, Juan Antonio and Yin, Zhengyu and Tambe, Milind and Bowring, Emma},
    title     = {Quality Guarantees for Region Optimal DCOP Algorithms},
    year      = {2011},
    booktitle = {AAMAS},
    volume    = {1},
    pages     = {133–140}
}

@inproceedings{kiekintveld2010,
    author    = {Kiekintveld, Christopher and Yin, Zhengyu and Kumar, Atul and Tambe, Milind},
    title     = {Asynchronous Algorithms for Approximate Distributed Constraint Optimization with Quality Bounds},
    year      = {2010},
    booktitle = {AAMAS},
    pages     = {133–140}
}

@article{changder2021,
    title     = {Improving coalition structure search with an imperfect algorithm: analysis and evaluation results},
    author    = {Changder, Narayan and Aknine, Samir and Dutta, Animesh},
    journal   = {Artificial Intelligence Review},
    volume    = {54},
    number    = {1},
    pages     = {397--425},
    year      = {2021},
    publisher = {Springer}
}

@article{chen2020lsga,
    title     = {A genetic algorithm based framework for local search algorithms for distributed constraint optimization problems},
    author    = {Chen, Ziyu and Liu, Lizhen and He, Jingyuan and Yu, Zhepeng},
    journal   = {JAAMAS},
    volume    = {34},
    pages     = {1--31},
    year      = {2020},
    publisher = {Springer}
}

@article{chen2018acodcop,
    title   = {An Ant-Based Algorithm to Solve Distributed Constraint Optimization Problems},
    volume  = {32},
    number  = {1},
    journal = {AAAI},
    author  = {Chen, Ziyu and Wu, Tengfei and Deng, Yanchen and Zhang, Cheng},
    year    = {2018}
}

@inproceedings{mertens2006dyncoaa,
    author    = {Mertens, Koenraad and Holvoet, Tom and Berbers, Yolande},
    title     = {The DynCOAA Algorithm for Dynamic Constraint Optimization Problems},
    year      = {2006},
    publisher = {ACM},
    booktitle = {AAMAS},
    pages     = {1421–-1423},
}

@article{yang2013,
    title     = {Metaheuristics for dynamic combinatorial optimization problems},
    author    = {Yang, Shengxiang and Jiang, Yong and Nguyen, Trung Thanh},
    journal   = {IMA Journal of Management Mathematics},
    volume    = {24},
    number    = {4},
    pages     = {451--480},
    year      = {2013},
    publisher = {Oxford University Press}
}

@inproceedings{lesser2014,
    author    = {Lesser, Victor and Corkill, Daniel},
    title     = {Challenges for Multi-Agent Coordination Theory Based on Empirical Observations},
    year      = {2014},
    booktitle = {AAMAS},
    pages     = {1157–1160}
}

@inproceedings{kim2011,
    title     = {Effective Variants of the Max-Sum Algorithm for Radar Coordination and Scheduling},
    author    = {Kim, Yoonheui and Krainin, Michael and Lesser, Victor},
    booktitle = {IEEE/WIC/ACM International Conferences on Web Intelligence and Intelligent Agent Technology},
    volume    = {2},
    pages     = {357--364},
    year      = {2011},
}

@inproceedings{yeoh2015,
    title     = {Incremental DCOP Search Algorithms for Solving Dynamic DCOP Problems},
    author    = {Yeoh, William and Varakantham, Pradeep and Sun, Xiaoxun and Koenig, Sven},
    booktitle = {IEEE International Conference on Web Intelligence and Intelligent Agent Technology},
    volume    = {2},
    pages     = {257--264},
    year      = {2015}
}

@book{rodriguez2018,
    title     = {Handbook of Disaster Research},
    author    = {Rodr{\'\i}guez, Havid{\'a}n and Donner William and Trainor, Joseph E.},
    volume    = {643},
    year      = {2018},
    edition   = {Second edition},
    publisher = {Springer}
}

@book{bergman2016,
    title     = {Decision Diagrams for Optimization},
    author    = {Bergman, David and Cire, Andre A. and Van Hoeve, Willem-Jan and Hooker, John N.},
    year      = {2016},
    publisher = {Springer}
}

@inproceedings{gillard2021,
    title         = {Improving the filtering of Branch-And-Bound MDD solver (extended)},
    author        = {Gillard, Xavier and Copp{\'e}, Vianney and Schaus, Pierre and Cire, Andr{\'e} Augusto},
    archivePrefix = {arXiv},
    eprint        = {2104.11951},
    primaryClass  = {cs.AI},
    year          = {2021}
}

@article{bergman2016b,
    title     = {Discrete Optimization with Decision Diagrams},
    author    = {Bergman, David and Cire, Andre A. and Van Hoeve, Willem-Jan and Hooker, John N.},
    journal   = {INFORMS Journal on Computing},
    volume    = {28},
    number    = {1},
    pages     = {47--66},
    year      = {2016},
    publisher = {INFORMS}
}

@unpublished{zivan2021opt,
    title   = {Applying Multi-Agent Optimization to Realistic Scenarios, including IOT Applications},
    author  = {Zivan, Roie},
    year    = {2021},
    note    = {OptLearnMAS at AAMAS 2021},
    url     = {https://optlearnmas21.github.io/#roie},
    urldate = mydate
}

@article{sedgewick1977,
    title     = {Permutation Generation Methods},
    author    = {Sedgewick, Robert},
    journal   = {ACM CSUR},
    volume    = {9},
    number    = {2},
    pages     = {137--164},
    year      = {1977},
    publisher = {ACM New York, NY, USA}
}

@article{tkach2021,
    title     = {Towards addressing dynamic multi-agent task allocation in law enforcement},
    author    = {Tkach, Itshak and Amador, Sofia},
    journal   = {JAAMAS},
    volume    = {35},
    number    = {1},
    pages     = {1--18},
    year      = {2021},
    publisher = {Springer}
}

@misc{colossus,
    title   = {The Colossus Robot},
    author  = {{IEEE Robots}},
    note    = {\url{https://robots.ieee.org/robots/colossus}},
    year    = {2019},
    urldate = mydate
}

@misc{dazu,
    title   = {The First Fire Drill for High-Rise Fire Fighting Drones Was Held in Dazu, Chongqing},
    author  = {{iChongqing}},
    note    = {\url{https://www.youtube.com/watch?v=WFqThcMIN7A}},
    year    = {2020},
    urldate = mydate
}

@article{yang2021survey,
    title         = {Exploration in Deep Reinforcement Learning: A Comprehensive Survey},
    author        = {Yang, Tianpei and Tang, Hongyao and Bai, Chenjia and Liu, Jinyi and Hao, Jianye and Meng, Zhaopeng and Liu, Peng},
    archivePrefix = {arXiv},
    eprint        = {2109.06668},
    primaryClass  = {cs.AI},
    year          = {2021}
}

@article{barambones2021survey,
    title     = {Applicability of Multi-Agent Systems and Constrained Reasoning for Sensor-Based Distributed Scenarios: A Systematic Mapping Study on Dynamic DCOPs},
    author    = {Barambones, Jose and Imbert, Ricardo and Moral, Cristian},
    journal   = {Sensors},
    volume    = {21},
    number    = {3807},
    year      = {2021},
    publisher = {MDPI}
}

@inproceedings{harvey2006,
    title        = {Support-Based Distributed Search: A New Approach for Multiagent Constraint Processing},
    author       = {Harvey, Peter and Chang, Chee Fon and Ghose, Aditya},
    booktitle    = {International Workshop on Argumentation in Multi-Agent Systems},
    pages        = {91--106},
    year         = {2006},
    organization = {Springer}
}

@inproceedings{sultanik2009,
    title     = {Dynamic Configuration of Agent Organizations},
    author    = {Sultanik, Evan A. and Lass, Robert N. and Regli, William C.},
    booktitle = {AAAI},
    pages     = {305--311},
    year      = {2009}
}

@article{dorigo2006ant,
    title     = {Ant Colony Optimization: Artificial Ants as a Computational Intelligence Technique},
    author    = {Dorigo, Marco and Birattari, Mauro and Stutzle, Thomas},
    journal   = {IEEE Computational Intelligence Magazine},
    volume    = {1},
    number    = {4},
    pages     = {28--39},
    year      = {2006},
    publisher = {IEEE}
}

@article{arshad2004dsan,
    title     = {Distributed Simulated Annealing},
    author    = {Arshad, Muhammad and Silaghi, Marius C.},
    journal   = {Distributed Constraint Problem Solving and Reasoning in Multi-Agent Systems},
    editor    = {Zhang, Weixiong and Sorge, Volker},
    volume    = {112},
    pages     = {35--47},
    year      = {2004},
    publisher = {IOS Press}
}

@book{kroese2013,
    title     = {Handbook of Monte Carlo Methods},
    author    = {Kroese, Dirk .P and Taimre, Thomas and Botev, Zdravko I.},
    year      = {2011},
    publisher = {John Wiley \& Sons}
}

@article{kho2009,
    author  = {Kho, Johnsen and Rogers, Alex and Jennings, Nicholas R.},
    title   = {Decentralized Control of Adaptive Sampling in Wireless Sensor Networks},
    year    = {2009},
    volume  = {5},
    number  = {3},
    journal = {ACM Transations on Sensor Networks},
    pages   = {1--35}
}

@article{chapman2010,
    title     = {Decentralized Dynamic Task Allocation Using Overlapping Potential Games},
    author    = {Chapman, Archie C. and Micillo, Rosa Anna and Kota, Ramachandra and Jennings, Nicholas R.},
    journal   = {The Computer Journal},
    volume    = {53},
    number    = {9},
    pages     = {1462--1477},
    year      = {2010},
    publisher = {OUP}
}

@article{chapman2011,
    title     = {A unifying framework for iterative approximate best-response algorithms for distributed constraint optimization problems},
    author    = {Chapman, Archie C. and Rogers, Alex and Jennings, Nicholas R. and Leslie, David S.},
    journal   = {The Knowledge Engineering Review},
    volume    = {26},
    number    = {4},
    pages     = {411--444},
    year      = {2011},
    publisher = {Cambridge University Press}
}

@article{chapman2011b,
    title     = {Benchmarking hybrid algorithms for distributed constraint optimisation games},
    author    = {Chapman, Archie C. and Rogers, Alex and Jennings, Nicholas R.},
    journal   = {JAAMAS},
    volume    = {22},
    number    = {3},
    pages     = {385--414},
    year      = {2011},
    publisher = {Springer}
}

@article{zou2021,
    title     = {Decentralised Task Allocation Using GDL Negotiations in Multi-agent System},
    author    = {Zou, Hui and Xi, Yan},
    journal   = {Cognitive Robotics (in press)},
    doi       = {10.1016/j.cogr.2021.07.003},
    year      = {2021},
    publisher = {Elsevier}
}

@inproceedings{epstein2011,
    title        = {Dealing with Coalition Formation in the RoboCup Rescue - An Euristic Approach},
    author       = {Epstein, Daniel and Bazzan, Ana L. C.},
    booktitle    = {ICAART},
    volume       = {2},
    pages        = {717--720},
    year         = {2011},
    organization = {SciTePress}
}

@phdthesis{hajari2021thesis,
    title  = {A Distributed Approach for Robust, Scalable, and Flexible Dynamic Ridesharing},
    author = {Hajari, Hadi},
    year   = {2021},
    school = {University of Pittsburgh}
}

@article{zivan2015,
    title     = {Distributed constraint optimization for teams of mobile sensing agents},
    author    = {Zivan, Roie and Yedidsion, Harel and Okamoto, Steven and Glinton, Robin and Sycara, Katia},
    journal   = {JAAMAS},
    volume    = {29},
    number    = {3},
    pages     = {495--536},
    year      = {2015},
    publisher = {Springer}
}

@inproceedings{gini2017,
    title     = {Multi-Robot Allocation of Tasks with Temporal and Ordering Constraints},
    author    = {Gini, Maria},
    booktitle = {AAAI},
    year      = {2017},
    pages     = {4863--4869}
}

@article{juarez2021,
    title   = {A Comprehensive Review and a Taxonomy Proposal of Team Formation Problems},
    author  = {Ju{\'a}rez, Julio and Santos, Cipriano and Brizuela, Carlos A.},
    journal = {ACM CSUR},
    volume  = {54},
    number  = {7},
    pages   = {1--33},
    year    = {2021}
}

@incollection{parker2016,
    title     = {Multiple Mobile Robot Systems},
    author    = {Parker, Lynne E. and Rus, Daniela and Sukhatme, Gaurav S.},
    booktitle = {Springer Handbook of Robotics},
    pages     = {1335--1384},
    year      = {2016},
    publisher = {Springer}
}

@article{rossi2018,
    title     = {Review of Multi-Agent Algorithms for Collective Behavior: a Structural Taxonomy},
    author    = {Rossi, Federico and Bandyopadhyay, Saptarshi and Wolf, Michael and Pavone, Marco},
    journal   = {IFAC-PapersOnLine},
    volume    = {51},
    number    = {12},
    pages     = {112--117},
    year      = {2018},
    publisher = {Elsevier}
}

@article{verma2021,
    title     = {Multi-Robot Coordination Analysis, Taxonomy, Challenges and Future Scope},
    author    = {Verma, Janardan Kumar and Ranga, Virender},
    journal   = {Journal of Intelligent \& Robotic Systems},
    volume    = {102},
    number    = {1},
    pages     = {1--36},
    year      = {2021},
    publisher = {Springer}
}

@article{zitouni2021,
    title   = {Towards a formal analysis of the multi-robot task allocation problem using set theory},
    author  = {Zitouni, Farouq and Maamri, Ramdane and Harous, Saad},
    journal = {Bulletin of Electrical Engineering and Informatics},
    volume  = {10},
    number  = {2},
    pages   = {1092--1104},
    year    = {2021}
}

@article{denijs2021,
    title   = {Constrained Multiagent Markov Decision Processes: a Taxonomy of Problems and Algorithms},
    author  = {de Nijs, Frits and Walraven, Erwin and De Weerdt, Mathijs and Spaan, Matthijs},
    journal = {JAIR},
    volume  = {70},
    pages   = {955--1001},
    year    = {2021}
}

@article{dias2006,
    title     = {Market-Based Multirobot Coordination: A Survey and Analysis},
    author    = {Dias, M. Bernardine and Zlot, Robert and Kalra, Nidhi and Stentz, Anthony},
    journal   = {Proceedings of the IEEE},
    volume    = {94},
    number    = {7},
    pages     = {1257--1270},
    year      = {2006},
    publisher = {IEEE}
}

@article{hawe2012survey,
    author  = {Hawe, Glenn I. and Coates, Graham and Wilson, Duncan T. and Crouch, Roger S.},
    title   = {Agent-Based Simulation for Large-Scale Emergency Response: A Survey of Usage and Implementation},
    year    = {2012},
    volume  = {45},
    number  = {1},
    journal = {ACM CSUR},
    pages   = {1--51},
}

@article{lovdal2019,
    title   = {Distributed Constraint Optimization: A Comparison of Recently Proposed Complete Algorithms},
    author  = {L{\"o}vdal, Sofie and Oostwal, Elisa},
    journal = {16th SC@ RUG 2018-2019},
    pages   = {47--52}
}

@article{queralta2020survey,
    title     = {Collaborative Multi-Robot Search and Rescue: Planning, Coordination, Perception, and Active Vision},
    author    = {Queralta, Jorge Pena and Taipalmaa, Jussi and Pullinen, Bilge Can and
                 Sarker, Victor Kathan and Gia, Tuan Nguyen and Tenhunen, Hannu and
                 Gabbouj, Moncef and Raitoharju, Jenni and Westerlund, Tomi},
    journal   = {IEEE Access},
    volume    = {8},
    pages     = {191617--191643},
    year      = {2020},
    publisher = {IEEE}
}

@article{seenu2020survey,
    title     = {Review on state-of-the-art dynamic task allocation strategies for multiple-robot systems},
    author    = {Seenu, N. and R. M., Kuppan Chetty and Ramya, M. M. and Janardhanan, Mukund Nilakantan},
    journal   = {Industrial Robot: the international journal of robotics research and application},
    volume    = {47},
    number    = {6},
    pages     = {929--942},
    year      = {2020},
    publisher = {Emerald Publishing Limited}
}

@article{calvaresi2021,
    title     = {Real-time multi-agent systems: rationality, formal model, and empirical results},
    author    = {Calvaresi, Davide and Cid, Yashin Dicente and Marinoni, Mauro and Dragoni, Aldo Franco and Najjar, Amro and Schumacher, Michael},
    journal   = {JAAMAS},
    volume    = {35},
    number    = {1},
    pages     = {1--37},
    year      = {2021},
    publisher = {Springer}
}

@article{dadvar2021,
    title         = {Contemporary Research Trends in Response Robotics},
    author        = {Dadvar, Mehdi and Habibian, Soheil},
    archivePrefix = {arXiv},
    eprint        = {2105.07812},
    primaryClass  = {cs.CY},
    year          = {2021}
}

@incollection{murphy2016a,
    title     = {Disaster Robotics},
    author    = {Murphy, Robin R. and Tadokoro, Satoshi and Kleiner, Alexander},
    booktitle = {Springer Handbook of Robotics},
    pages     = {1577--1604},
    chapter   = {60},
    year      = {2016},
    publisher = {Springer}
}

@article{murphy2016b,
    title     = {Emergency Informatics: Using Computing to Improve Disaster Management},
    author    = {Murphy, Robin R.},
    journal   = {Computer},
    volume    = {49},
    number    = {5},
    pages     = {19--27},
    year      = {2016},
    publisher = {IEEE}
}

@article{tsimenidis2020,
    title         = {Limitations of Deep Neural Networks: a discussion of G. Marcus' critical appraisal of deep learning},
    author        = {Tsimenidis, Stefanos},
    archivePrefix = {arXiv},
    eprint        = {2012.15754},
    primaryClass  = {cs.AI},
    year          = {2020}
}

@article{dehghani2021,
    title         = {The Benchmark Lottery},
    author        = {Dehghani, Mostafa and Tay, Yi and Gritsenko, Alexey A. and Zhao, Zhe and Houlsby, Neil and Diaz, Fernando and Metzler, Donald and Vinyals, Oriol},
    archivePrefix = {arXiv},
    eprint        = {2107.07002},
    primaryClass  = {cs.LG},
    year          = {2021}
}

@article{vasudevan2021,
    title     = {Off-the-shelf deep learning is not enough, and requires parsimony, Bayesianity, and causality},
    author    = {Vasudevan, Rama K. and Ziatdinov, Maxim and Vlcek, Lukas and Kalinin, Sergei V.},
    journal   = {npj Computational Materials},
    volume    = {7},
    number    = {1},
    pages     = {1--6},
    year      = {2021},
    publisher = {Nature Publishing Group}
}

@article{amato2016,
    title     = {Policy search for multi-robot coordination under uncertainty},
    author    = {Amato, Christopher and Konidaris, George and Anders, Ariel and
                 Cruz, Gabriel and How, Jonathan P. and Kaelbling, Leslie P.},
    journal   = {International Journal of Robotics Research},
    volume    = {35},
    number    = {14},
    pages     = {1760--1778},
    year      = {2016},
    publisher = {SAGE Publications}
}

@article{smith2019,
    title     = {Real-time distributed non-myopic task selection for heterogeneous robotic teams},
    author    = {Smith, Andrew J. and Best, Graeme and Yu, Javier and Hollinger, Geoffrey A.},
    journal   = {Autonomous Robots},
    volume    = {43},
    number    = {3},
    pages     = {789--811},
    year      = {2019},
    publisher = {Springer}
}

@inproceedings{silver2010,
    title        = {Monte-Carlo Planning in Large POMDPs},
    author       = {Silver, David and Veness, Joel},
    year         = {2010},
    organization = {Neural Information Processing Systems}
}

@inproceedings{amato2015,
    title     = {Scalable Planning and Learning for Multiagent POMDPs},
    author    = {Amato, Christopher and Oliehoek, Frans},
    booktitle = {AAAI},
    volume    = {29},
    number    = {1},
    year      = {2015}
}

@article{lee2021,
    title     = {Multi-agent reinforcement learning algorithm to solve a partially-observable multi-agent problem in disaster response},
    author    = {Lee, Hyun-Rok and Lee, Taesik},
    journal   = {European Journal of Operational Research},
    volume    = {291},
    number    = {1},
    pages     = {296--308},
    year      = {2021},
    publisher = {Elsevier}
}

@Inbook{sammut2010,
    author    = {Sammut, Caude},
    editor    = {Sammut, Claude and Webb, Geoffrey I.},
    title     = {Behavioral Cloning},
    bookTitle = {Encyclopedia of Machine Learning},
    year      = {2010},
    publisher = {Springer US},
    pages     = {93--97},
}

@article{kurniawati2021survey,
    title         = {Partially Observable Markov Decision Processes (POMDPs) and Robotics},
    author        = {Kurniawati, Hanna},
    archivePrefix = {arXiv},
    eprint        = {2107.07599},
    primaryClass  = {cs.RO},
    year          = {2021}
}

@article{chen2021,
    title     = {Decentralized Task and Path Planning for Multi-Robot Systems},
    author    = {Chen, Yuxiao and Rosolia, Ugo and Ames, Aaron D.},
    journal   = {IEEE Robotics and Automation Letters},
    volume    = {6},
    number    = {3},
    pages     = {4337--4344},
    year      = {2021},
    publisher = {IEEE}
}

@inproceedings{krausburg2021,
    title     = {Feasible Coalition Sequences},
    author    = {Krausburg, Tabajara and Dix, J{\"u}rgen and Bordini, Rafael H.},
    booktitle = {AAMAS},
    pages     = {719--727},
    year      = {2021}
}

@article{farinelli2017,
    title     = {A Hierarchical Clustering Approach to Large-scale Near-optimal Coalition Formation with Quality Guarantees},
    author    = {Farinelli, Alessandro and Bicego, Manuele and Bistaffa, Filippo and Ramchurn, Sarvapali D.},
    journal   = {Engineering Applications of Artificial Intelligence},
    volume    = {59},
    pages     = {170--185},
    year      = {2017},
    publisher = {Elsevier}
}

@article{jahn2020,
    title     = {A Taxonomy for Mobile Robots: Types, Applications, Capabilities, Implementations, Requirements, and Challenges},
    author    = {Jahn, Uwe and He{\ss}, Daniel and Stampa, Merlin and Sutorma, Andreas and R{\"o}hrig, Christof and Schulz, Peter and Wolff, Carsten},
    journal   = {Robotics},
    volume    = {9},
    number    = {4},
    pages     = {109},
    year      = {2020},
    publisher = {Multidisciplinary Digital Publishing Institute}
}

@inproceedings{miloradovic2019tamer,
    title        = {Tamer: Task Allocation in Multi-robot Systems Through an Entity-Relationship Model},
    author       = {Miloradovi{\'c}, Branko and Frasheri, Mirgita and C{\"u}r{\"u}kl{\"u}, Baran and Ekstr{\"o}m, Mikael and Papadopoulos, Alessandro Vittorio},
    booktitle    = {International Conference on Principles and Practice of Multi-Agent Systems},
    pages        = {478--486},
    year         = {2019},
    organization = {Springer}
}

@article{khamis2015,
    title     = {Multi-robot Task Allocation: A Review of the State-of-the-Art},
    author    = {Khamis, Alaa and Hussein, Ahmed and Elmogy, Ahmed},
    journal   = {Cooperative Robots and Sensor Networks},
    pages     = {31--51},
    year      = {2015},
    publisher = {Springer}
}

@article{service2011,
    title     = {Coalition formation for task allocation: Theory and algorithms},
    author    = {Service, Travis C. and Adams, Julie A.},
    journal   = {JAAMAS},
    volume    = {22},
    number    = {2},
    pages     = {225--248},
    year      = {2011},
    publisher = {Springer}
}

@article{prantare2020,
    title     = {An anytime algorithm for optimal simultaneous coalition structure generation and assignment},
    author    = {Pr{\"a}ntare, Fredrik and Heintz, Fredrik},
    journal   = {JAAMAS},
    volume    = {34},
    number    = {1},
    pages     = {1--31},
    year      = {2020},
    publisher = {Springer}
}

@article{prantare2021,
    title   = {Anytime Heuristic and Monte Carlo Methods for Large-Scale Simultaneous Coalition Structure Generation and Assignment},
    volume  = {35},
    number  = {13},
    journal = {AAAI},
    author  = {Pr{\"a}ntare, Fredrik and Appelgren, Herman and Heintz, Fredrik},
    year    = {2021},
    pages   = {11317--11324}
}

@article{vig2007,
    title     = {Coalition Formation: From Software Agents to Robots},
    author    = {Vig, Lovekesh and Adams, Julie A.},
    journal   = {Journal of Intelligent and Robotic Systems},
    volume    = {50},
    number    = {1},
    pages     = {85--118},
    year      = {2007},
    publisher = {Springer}
}

@incollection{singh2014,
    title     = {Multi Agent Based Dynamic Task Allocation},
    author    = {Singh, Arambam J. and Dalapati, Poulami and Dutta, Animesh},
    booktitle = {Agent and Multi-Agent Systems: Technologies and Applications},
    pages     = {171--182},
    year      = {2014},
    publisher = {Springer}
}

@article{luo2015,
    title     = {Distributed Algorithms for Multirobot Task Assignment with Task Deadline Constraints},
    author    = {Luo, Lingzhi and Chakraborty, Nilanjan and Sycara, Katia},
    journal   = {IEEE Transactions on Automation Science and Engineering},
    volume    = {12},
    number    = {3},
    pages     = {876--888},
    year      = {2015},
    publisher = {IEEE}
}

@inproceedings{maoudj2015,
    title        = {Multi-agent Approach for Task Allocation and Scheduling in Cooperative Heterogeneous Multi-Robot Team: Simulation Results},
    author       = {Maoudj, Abderraouf and Bouzouia, Brahim and Hentout, Abdelfetah and Toumi, Redouane},
    booktitle    = {13th International Conference on Industrial Informatics},
    pages        = {179--184},
    year         = {2015},
    organization = {IEEE}
}

@article{su2018,
    title     = {Two innovative coalition formation models for dynamic task allocation in disaster rescues},
    author    = {Su, Xing and Wang, Yuechen and Jia, Xibin and Guo, Limin and Ding, Zhiming},
    journal   = {Journal of Systems Science and Systems Engineering},
    volume    = {27},
    number    = {2},
    pages     = {215--230},
    year      = {2018},
    publisher = {Springer}
}

@article{arif2021,
    title     = {Robot Coalition Formation Against Time-Extended Multi-Robot Tasks},
    author    = {Arif, Muhammad Usman},
    journal   = {International Journal of Intelligent Unmanned Systems (in press)},
    year      = {2021},
    doi       = {10.1108/IJIUS-12-2020-0070},
    publisher = {Emerald Publishing Limited}
}

@article{schwarzrock2018,
    title     = {Solving task allocation problem in multi Unmanned Aerial Vehicles systems using Swarm intelligence},
    author    = {Schwarzrock, Jana\'{i}na and Zacarias, Iulisloi and Bazzan, Ana L. C.
                 and de Araujo Fernandes, Ricardo Queiroz and Moreira, Leonardo Henrique
                 and de Freitas, Edison Pignaton},
    journal   = {Engineering Applications of Artificial Intelligence},
    volume    = {72},
    pages     = {10--20},
    year      = {2018},
    publisher = {Elsevier}
}

@inproceedings{ferreira2007,
    title        = {Using Swarm-GAP for Distributed Task Allocation in Complex Scenarios},
    author       = {Ferreira, Paulo R. and Boffo, Felipe S. and Bazzan, Ana L. C.},
    booktitle    = {AAMAS},
    pages        = {107--121},
    year         = {2007},
    organization = {Springer}
}

@article{amorim2020,
    title     = {Assessing a swarm-GAP based solution for the task allocation problem in dynamic scenarios},
    author    = {Amorim, Junier Caminha and Alves, Vander and de Freitas, Edison Pignaton},
    journal   = {Expert Systems with Applications},
    volume    = {152},
    number    = {113437},
    year      = {2020},
    publisher = {Elsevier}
}

@article{nanjanath2010,
    title     = {Repeated auctions for robust task execution by a robot team},
    author    = {Nanjanath, Maitreyi and Gini, Maria},
    journal   = {Robotics and Autonomous Systems},
    volume    = {58},
    number    = {7},
    pages     = {900--909},
    year      = {2010},
    publisher = {Elsevier}
}

@article{schneider2020,
    title         = {The Application of Market-based Multi-Robot Task Allocation to Ambulance Dispatch},
    author        = {Schneider, Eric and Poulton, Marcus and Drake, Archie and Smith, Leanne and
                     Roussos, George and Parsons, Simon and Sklar, Elizabeth I.},
    archivePrefix = {arXiv},
    eprint        = {2003.05550},
    primaryClass  = {cs.MA},
    year          = {2020}
}

@inproceedings{whitbrook2015,
    title        = {A Novel Distributed Scheduling Algorithm for Time-Critical Multi-Agent Systems},
    author       = {Whitbrook, Amanda and Meng, Qinggang and Chung, Paul W. H.},
    booktitle    = {IROS},
    pages        = {6451--6458},
    year         = {2015},
    organization = {IEEE}
}

@article{whitbrook2018,
    title     = {Reliable, Distributed Scheduling and Rescheduling for Time-Critical, Multiagent Systems},
    author    = {Whitbrook, Amanda and Meng, Qinggang and Chung, Paul W. H.},
    journal   = {IEEE Transactions on Automation Science and Engineering},
    volume    = {15},
    number    = {2},
    pages     = {732--747},
    year      = {2017},
    publisher = {IEEE}
}

@article{whitbrook2019,
    title     = {Addressing robustness in time-critical, distributed, task allocation algorithms},
    author    = {Whitbrook, Amanda and Meng, Qinggang and Chung, Paul W. H.},
    journal   = {Applied Intelligence},
    volume    = {49},
    number    = {1},
    pages     = {1--15},
    year      = {2019},
    publisher = {Springer}
}

@article{feo2021,
    title     = {Spatially-Distributed Missions With Heterogeneous Multi-Robot Teams},
    author    = {Feo-Flushing, Eduardo and Gambardella, Luca Maria and Di Caro, Gianni A.},
    journal   = {IEEE Access},
    volume    = {9},
    pages     = {67327--67348},
    year      = {2021},
    publisher = {IEEE}
}

@manual{rcrsmanual,
    title   = {RoboCup Rescue Simulator and Agent Development Framework Manual},
    url     = {https://rescuesim.robocup.org/resources/documentation},
    urldate = mydate
}

@article{boussier2007,
    title     = {An exact algorithm for team orienteering problems},
    author    = {Boussier, Sylvain and Feillet, Dominique and Gendreau, Michel},
    journal   = {4OR},
    volume    = {5},
    number    = {3},
    pages     = {211--230},
    year      = {2007},
    publisher = {Springer}
}

@inproceedings{el-hajj2015,
    title     = {A column generation algorithm for the team orienteering problem with time windows},
    author    = {El-Hajj, Racha and Moukrim, Aziz and Chebaro, B. and Kobeissi, M.},
    booktitle = {The 45th International Conference on Computers \& Industrial Engineering (CIE45)},
    year      = {2015}
}

@article{tae2015,
    title   = {A Branch-and-Price Approach for the Team Orienteering Problem with Time Windows},
    author  = {Tae, Hyunchul and Kim, Byung-In},
    journal = {International Journal of Industrial Engineering},
    volume  = {22},
    number  = {2},
    year    = {2015}
}

@article{gedik2017,
    title     = {A Constraint Programming Approach for the Team Orienteering Problem with Time Windows},
    author    = {Gedik, Ridvan and Kirac, Emre and Milburn, Ashlea Bennet and Rainwater, Chase},
    journal   = {Computers \& Industrial Engineering},
    volume    = {107},
    pages     = {178--195},
    year      = {2017},
    publisher = {Elsevier}
}

@article{park2017,
    title     = {Exact Algorithm for the Capacitated Team Orienteering Problem with Time Windows},
    author    = {Park, Junhyuk and Lee, Jongsung and Ahn, SeHwan and Bae, Jungryul and Tae, Hyunchul},
    journal   = {Mathematical Problems in Engineering},
    volume    = {2017},
    year      = {2017},
    publisher = {Hindawi}
}


@article{yang2018,
    title     = {The grand challenges of Science Robotics},
    author    = {Yang, Guang-Zhong and Bellingham, Jim and Dupont, Pierre E. and Fischer,
                 Peer and Floridi, Luciano and Full, Robert and Jacobstein, Neil and
                 Kumar, Vijay and McNutt, Marcia and Merrifield, Robert and others},
    journal   = {Science robotics},
    volume    = {3},
    number    = {14},
    pages     = {eaar7650},
    year      = {2018},
    publisher = {Science Robotics}
}

@inproceedings{dignum2020,
    author    = {Dignum, Virginia and Dignum, Frank},
    title     = {Agents Are Dead. Long Live Agents!},
    year      = {2020},
    booktitle = {AAMAS},
    pages     = {1701–-1705}
}

@article{bai2021,
    title         = {Analytics and Machine Learning in Vehicle Routing Research},
    author        = {Bai, Ruibin and Chen, Xinan and Chen, Zhi-Long and Cui, Tianxiang and
                     Gong, Shuhui and He, Wentao and Jiang, Xiaoping and Jin, Huan and
                     Jin, Jiahuan and Kendall, Graham and others},
    year          = {2021},
    archivePrefix = {arXiv},
    eprint        = {2102.10012},
    primaryClass  = {cs.LG}
}

@inproceedings{ueda2010,
    title     = {Coalition Structure Generation Based on Distributed Constraint Optimization},
    author    = {Ueda, Suguru and Iwasaki, Atsushi and Yokoo, Makoto and Silaghi, Marius
                 and Hirayama, Katsutoshi and Matsui, Toshihiro},
    booktitle = {AAAI},
    volume    = {24},
    number    = {1},
    year      = {2010}
}

@inproceedings{svensson2013,
    title     = {Solving the Coalition Structure Generation Problem on a GPU},
    author    = {Svensson, Kim and Ramchurn, Sarvapali and Cruz-Mencia, Francisco and Rodr{\'\i}guez-Aguilar, Juan Antonio and Cerquides, Jes{\'u}s},
    booktitle = {International Workshop on Optimisation in Multi-Agent Systems},
    year      = {2013}
}

@article{agarwal2015,
    title   = {Parallel multi-objective multi-robot coalition formation},
    journal = {Expert Systems with Applications},
    volume  = {42},
    number  = {21},
    pages   = {7797---7811},
    year    = {2015},
    author  = {Manoj Agarwal and Nitin Agrawal and Shikhar Sharma and Lovekesh Vig and Naveen Kumar}
}

@article{dobson2006survey,
    title     = {A Survey of Autonomic Communications},
    author    = {Dobson, Simon and Denazis, Spyros and Fern{\'a}ndez, Antonio and
                 Ga{\"\i}ti, Dominique and Gelenbe, Erol and Massacci, Fabio and Nixon,
                 Paddy and Saffre, Fabrice and Schmidt, Nikita and Zambonelli, Franco},
    journal   = {ACM TAAS},
    volume    = {1},
    number    = {2},
    pages     = {223--259},
    year      = {2006},
    publisher = {ACM New York, NY, USA}
}

@article{ghassemi2021,
    title   = {Multi-Robot Task Allocation in Disaster Response: Addressing Dynamic Tasks with Deadlines and Robots with Range and Payload Constraints},
    journal = {Robotics and Autonomous Systems (in press)},
    year    = {2021},
    doi     = {10.1016/j.robot.2021.103905},
    author  = {Payam Ghassemi and Souma Chowdhury}
}

@inproceedings{skaltsis2021survey,
    title        = {A survey of task allocation techniques in MAS},
    author       = {Skaltsis, George Marios and Shin, Hyo-Sang and Tsourdos, Antonios},
    booktitle    = {International Conference on Unmanned Aircraft Systems},
    pages        = {488--497},
    year         = {2021},
    organization = {IEEE}
}

@article{czarnecki2021,
    title     = {Scalable hedonic coalition formation for task allocation with heterogeneous robots},
    author    = {Czarnecki, Emily and Dutta, Ayan},
    journal   = {Intelligent Service Robotics},
    pages     = {501--517},
    number    = {3},
    year      = {2021},
    publisher = {Springer}
}

@article{aziz2021,
    title         = {Multi-Robot Task Allocation--Complexity and Approximation},
    author        = {Aziz, Haris and Chan, Hau and Cseh, {\'A}gnes and Li, Bo and Ramezani, Fahimeh and Wang, Chenhao},
    archivePrefix = {arXiv},
    eprint        = {2103.12370},
    primaryClass  = {cs.RO},
    year          = {2021}
}

@article{bogomolnaia2002,
    title     = {The Stability of Hedonic Coalition Structures},
    author    = {Bogomolnaia, Anna and Jackson, Matthew O.},
    journal   = {Games and Economic Behavior},
    volume    = {38},
    number    = {2},
    pages     = {201--230},
    year      = {2002},
    publisher = {Elsevier}
}

@article{ferreira2021,
    title         = {Distributed Mission Planning of Complex Tasks for Heterogeneous Multi-Robot Teams},
    author        = {Ferreira, Barbara Arbanas and Petrovi{\'c}, Tamara and Bogdan, Stjepan},
    archivePrefix = {arXiv},
    eprint        = {2109.10106},
    primaryClass  = {cs.RO},
    year          = {2021}
}

@article{dethloff2001,
    title     = {Vehicle routing and reverse logistics: the vehicle routing problem with
                 simultaneous delivery and pick-up},
    author    = {Dethloff, Jan},
    journal   = {OR Spektrum},
    volume    = {23},
    number    = {1},
    pages     = {79--96},
    year      = {2001},
    publisher = {Springer}
}

@book{lesser2003distributed,
    title     = {Distributed Sensor Networks: A Multiagent Perspective},
    author    = {Lesser, Victor and Ortiz Jr., Charles L. and Tambe, Milind},
    volume    = {9},
    year      = {2003},
    publisher = {Springer Science \& Business Media}
}

@inproceedings{ayari2017,
    title        = {A Dynamic Decentralised Coalition Formation Approach for Task
                    Allocation under Tasks Priority Constraints},
    author       = {Ayari, Emna and Hadouaj, Sameh and Ghedira, Khaled},
    booktitle    = {International Conference on Advanced Robotics (ICAR)},
    pages        = {250--255},
    year         = {2017},
    organization = {IEEE}
}

@misc{ml-failures,
    title   = {7 Revealing Ways AIs Fail},
    author  = {Choi, Charles Q.},
    note    = {\url{https://spectrum.ieee.org/ai-failures}},
    year    = {2021},
    urldate = mydate
}

@misc{yan2021,
    title   = {The First Rule of Machine Learning: Start without Machine Learning},
    author  = {Yan, Eugene},
    note    = {\url{https://eugeneyan.com/writing/first-rule-of-ml}},
    year    = {2021},
    urldate = mydate
}

@inproceedings{zaoad2021,
    title        = {Accelerating Message Passing Operation of GDL-Based Constraint Optimization Algorithms Using Multiprocessing},
    author       = {Zaoad, Syeed Abrar and Tanjim, Tauhid and Hasan, Mir and Mamun-or-Rashid, Md. and Almansour, Ibrahem Abdullah and Khan, Md. Mosaddek},
    booktitle    = {IEEE ISPA 2021},
    year         = {2021},
    organization = {IEEE}
}

@article{roy2021,
    title         = {From Machine Learning to Robotics: Challenges and Opportunities for Embodied Intelligence},
    author        = {Roy, Nicholas and Posner, Ingmar and Barfoot, Tim and Beaudoin,
                     Philippe and Bengio, Yoshua and Bohg, Jeannette and Brock, Oliver and
                     Depatie, Isabelle and Fox, Dieter and Koditschek, Dan and others},
    archivePrefix = {arXiv},
    eprint        = {2110.15245},
    primaryClass  = {cs.RO},
    year          = {2021}
}

@inproceedings{barbulescu2010,
    title     = {Distributed Coordination of Mobile Agent Teams: The Advantage of Planning Ahead},
    author    = {Barbulescu, Laura and Rubinstein, Zachary B. and Smith, Stephen F. and Zimmerman, Terry L.},
    booktitle = {AAMAS},
    volume    = {1},
    pages     = {1331--1338},
    year      = {2010}
}

@article{joslin1999,
    title   = {Squeaky Wheel Optimization},
    author  = {Joslin, David E. and Clements, David P.},
    journal = {JAIR},
    volume  = {10},
    pages   = {353--373},
    year    = {1999}
}

@article{paraskevopoulos2017,
    title     = {Resource Constrained Routing and Scheduling: Review and Research Prospects},
    author    = {Paraskevopoulos, Dimitris C. and Laporte, Gilbert and Repoussis, Panagiotis P.
                 and Tarantilis, Christos D.},
    journal   = {European Journal of Operational Research},
    volume    = {263},
    number    = {3},
    pages     = {737--754},
    year      = {2017},
    publisher = {Elsevier}
}

@book{kepner2009,
    title     = {Parallel MATLAB for Multicore and Multinode Computers},
    author    = {Kepner, Jeremy},
    year      = {2009},
    publisher = {SIAM}
}
